@Book{xie2015,
  title = {Dynamic Documents with {R} and knitr},
  author = {Yihui Xie},
  publisher = {Chapman and Hall/CRC},
  address = {Boca Raton, Florida},
  year = {2015},
  edition = {2nd},
  note = {ISBN 978-1498716963},
  url = {http://yihui.org/knitr/},
}

@article{RN11783,
   author = {Selden Jr., Robert Z. and Dockall, John E. and Shafer, Harry J.},
   title = {{Lithic Morphological Organisation: Gahagan Bifaces from the Southern Caddo Area}},
   journal = {Digital Applications in Archaeology and Cultural Heritage},
   volume = {10},
   pages = {e00080},
   ISSN = {22120548},
   DOI = {10.1016/j.daach.2018.e00080},
   year = {2018}
}

@incollection{RN4315,
   author = {Goodyear, Albert C.},
   title = {{A Hypothesis on the Use of Cryptocrystalline Raw Materials among Paleoindian Groups of North America}},
   booktitle = {Eastern Paleoindian Lithic Resource Use},
   editor = {Ellis, C. and Lothrop, J.},
   publisher = {Westview},
   address = {Boulder},
   pages = {1-9},
   year = {1989},
   type = {Book Section}
}

@techreport{RN9009,
   author = {Brown, Kenneth M. and Potter, Daniel R. and Hall, Grant D. and Black, Stephen L.},
   title = {Excavations at 41LK67. A Prehistoric Site in the Choke Canyon Reservoir, South Texas.},
   institution = {Center for Archaeological Research, The University of Texas at San Antonio, Choke Canyon Series 7},
   DOI = {https://doi.org/10.21112/ita.1982.1.4},
   url = {https://scholarworks.sfasu.edu/ita/vol1982/iss1/4/},
   year = {1982},
   type = {Report}
}

@article{RN9011,
   author = {Carpenter, Stephen M.},
   title = {{Mesoamerican-Mississippian interaction across the far Southern Plains by long-range Toyah intermediaries}},
   journal = {Plains Anthropologist},
   volume = {65},
   number = {256},
   pages = {325-356},
   ISSN = {0032-0447
2052-546X},
   DOI = {10.1080/00320447.2020.1779910},
   year = {2020},
   type = {Journal Article}
}

@article{RN9010,
   author = {Prewitt, Elton R.},
   title = {{Distributions of Typed Projectile Points in Texas}},
   journal = {Bulletin of the Texas Archeological Society},
   volume = {66},
   pages = {83-174},
   year = {1995},
   type = {Journal Article}
}

@techreport{RN8996,
   author = {Dockall, John E. and Fields, Ross C.},
   title = {National Register Testing of Three Sites in the Sabine Mine's South Hallsville No. 1 Mine-Rusk Permit, Rusk County, Texas},
   institution = {of Investigations No. 162, Prewitt and Associates, Inc., Austin, Texas},
   year = {2011}
}

@techreport{RN9008,
   author = {Black, Stephen L.},
   title = {The Clemente and Herminia Hinojosa Site, 41JW8: A Toyah Horizon Campsite in Southern Texas},
   institution = {No. 18, Center for Archaeological Research, The University of Texas at San Antonio},
   DOI = {https://doi.org/10.21112/ita.1986.1.36},
   url = {https://scholarworks.sfasu.edu/ita/vol1986/iss1/36/},
   year = {1986},
   type = {Report}
}


@techreport{RN8998,
   author = {Ensor, H. Blaine and Dockall, John E. and Winchell, Frank},
   title = {National Register Eligibility testing and Assessment at the Al Soloman I and Al Soloman II Sites, Cypress Creek, Harris County, Texas},
   institution = {of Investigations No. 12, Archeological Research Laboratory, Texas A\&M University},
   year = {1991}
}

@techreport{RN8995,
   author = {Dockall, John E. and Katauskas, Stephanie L. and Fields, Ross C.},
   title = {National Register Testing of Four Sites in the Sabine Mine's Area M, Harrison County, Texas},
   institution = {of Investigations, Number 157. Prewitt and Associates, Inc., Austin, Texas},
   year = {2008}
}

@incollection{RN8997,
   author = {Dockall, John E. and Fields, Ross C.},
   title = {{Lithic Artifacts}},
   booktitle = {Archaeology of the Nadaco Caddo: The View from the Pine Tree Mound Site (41HS15) Harrison County, Texas},
   editor = {Fields, Ross C. and Gadus, Eloise F.},
   publisher = {Reports of Investigations No. 164. Prewitt and Associates, Inc.},
   address = {Austin, Texas},
   pages = {553-606},
   year = {2012},
   type = {Book Section}
}

@techreport{RN8990,
   author = {Ahler, Stanley A.},
   title = {Projectile Point Form and Function at Rogers Rockshelter, Missouri},
   institution = {Research Series No. 8. Missouri Archaeological Society. Columbia},
   year = {1971}
}

@article{RN8991,
   author = {Andrefsky Jr., William},
   title = {{Thoughts on Stone Tool Shape and Inferred Function}},
   journal = {Journal of Middle Atlantic Archaeology},
   volume = {13},
   pages = {125-145},
   url = {http://hdl.handle.net/2376/5974},
   year = {1997},
   type = {Journal Article}
}

@article{RN8987,
   author = {Haberman, Shelby J.},
   title = {{The Analysis of Residuals in Cross-Classified Tables}},
   journal = {Biometrics},
   volume = {29},
   number = {1},
   ISSN = {0006341X},
   DOI = {https://doi.org/10.2307/2529686},
   year = {1973},
   type = {Journal Article}
}

@article{RN2375,
   author = {Perttula, Timothy K. and Thacker, Mark},
   title = {{Additional Collections of Woodland to Caddo Period Artifacts from the Alligator Pond Site (41SM442), Smith County, Texas}},
   journal = {Journal of Northeast Texas Archaeology},
   volume = {46},
   pages = {1-5},
   DOI = {https://doi.org/10.21112/.ita.2014.1.44},
   url = {https://scholarworks.sfasu.edu/ita/vol2014/iss1/44/},
   year = {2014},
   type = {Journal Article}
}

@article{RN2374,
   author = {Perttula, Timothy K. and Thacker, Mark},
   title = {Analysis of New Artifact Collections from Archaic to Ancestral Caddo Sites in the Saline Creek Basin in Northern Smith County, Texas},
   journal = {Journal of Northeast Texas Archaeology},
   volume = {43},
   pages = {1-25},
   DOI = {https://doi.org/10.21112/.ita.2014.1.64},
   url = {https://scholarworks.sfasu.edu/ita/vol2014/iss1/64/},
   year = {2014},
   type = {Journal Article}
}

@techreport{RN8924,
   author = {Luedtke, Barbara E.},
   title = {An Archaeologist's Guide to Chert and Flint},
   institution = {Institute of Archaeology, University of California, Los Angeles},
   year = {1992},
   type = {Report}
}

@article{RN5907,
   author = {Brantingham, P. Jeffrey and Olsen, John W. and Rech, Jason A. and Krivoshapkin, Andrei I.},
   title = {{Raw Material Quality and Prepared Core Technologies in Northeast Asia}},
   journal = {Journal of Archaeological Science},
   volume = {27},
   number = {3},
   pages = {255-271},
   ISSN = {03054403},
   DOI = {10.1006/jasc.1999.0456},
   year = {2000},
   type = {Journal Article}
}

@book{RN439,
   author = {Banks, Larry D.},
   title = {From Mountain Peaks to Alligator Stomachs: A Review of Lithic Sources in the Trans-Mississippi South, The Southern Plains},
   publisher = {Oklahoma Anthropological Society},
   address = {Norman},
   series = {Memoir No. 4},
   year = {1990},
   type = {Book}
}

@techreport{RN846,
   author = {Cliff, M. B. and Green, M. and Hunt, S. and Shanabrook, D. and Peter, D.},
   title = {Excavations in Area C of the Unionville Site (41CS151), White Oak Creek Mitigation Area (WOCMA), Cass County, Texas},
   institution = {White Oak Creek Mitigation Area Archeological Technical Series, Report of Investigations No. 4, Geo-Marine, Inc., Plano},
   year = {1996},
   type = {Report}
}

@incollection{RN1253,
   author = {Girard, Jeffrey S.},
   title = {{The Chipped Stone Collection: Technological, Functional, and Typological Analyses}},
   booktitle = {The Deshazo Site, Nacogdoches County, Texas, Volume 2: Artifacts of Native Manufacture},
   editor = {Story, Dee Ann},
   publisher = {Studies in Archeology 21, Texas Archeological Research Laboratory, The University of Texas},
   address = {Austin},
   pages = {33-156},
   year = {1995},
   type = {Book Section}
}

@techreport{RN1898,
   author = {Malone, J. M.},
   title = {Archaeological Reconnaissance at Proposed Mineola Reservoir},
   institution = {Texas Historical Survey Committee},
   number = {Archeological Survey Report No. 10,},
   year = {1972},
   type = {Report}
}

@article{RN8051,
   author = {Blondel, Vincent D. and Guillaume, Jean-Loup and Lambiotte, Renaud and Lefebvre, Etienne},
   title = {{Fast Unfolding of Communities in Large Networks}},
   journal = {Journal of Statistical Mechanics: Theory and Experiment},
   volume = {2008},
   number = {10},
   pages = {P10008},
   ISSN = {1742-5468},
   DOI = {10.1088/1742-5468/2008/10/p10008},
   url = {<Go to ISI>://WOS:000260529900010
https://iopscience.iop.org/article/10.1088/1742-5468/2008/10/P10008},
   year = {2008},
   type = {Journal Article}
}

@article{RN6910,
   author = {Vehik, Susan C.},
   title = {{Conflict, Trade, and Political Development on the Southern Plains}},
   journal = {American Antiquity},
   volume = {67},
   number = {1},
   pages = {37-64},
   ISSN = {0002-7316
2325-5064},
   DOI = {10.2307/2694876},
   year = {2002},
   type = {Journal Article}
}

@article{RN9002,
   author = {Carpenter, Stephen M.},
   title = {{The Toyah Complex of South and Central Texas: Long-Range Mobility and the Emergence of Dual Economies}},
   journal = {Plains Anthropologist},
   volume = {62},
   number = {242},
   pages = {133-156},
   ISSN = {0032-0447
2052-546X},
   DOI = {10.1080/00320447.2016.1258858},
   year = {2017},
   type = {Journal Article}
}

@article{RN6046,
   author = {Creel, Darrell},
   title = {{Bison Hides in Late Prehistoric Exchange in the Southern Plains}},
   journal = {American Antiquity},
   volume = {56},
   number = {1},
   pages = {40-49},
   ISSN = {0002-7316
2325-5064},
   DOI = {10.2307/280971},
   year = {1991},
   type = {Journal Article}
}

@article{RN21009,
   author = {IvanovaitÄ—, Livija and Serwatka, Kamil and Hoggard, Christian Steven and Sauer, Florian and Riede, Felix},
   title = {All these Fantastic Cultures? Research History and Regionalization in the Late Palaeolithic Tanged Point Cultures of Eastern Europe},
   journal = {European Journal of Archaeology},
   volume = {23},
   number = {2},
   pages = {162-185},
   ISSN = {1461-9571
1741-2722},
   DOI = {10.1017/eaa.2019.59},
   year = {2020}
}

@article{RN20804,
   author = {Marwick, Ben},
   title = {Computational Reproducibility in Archaeological Research: Basic Principles and a Case Study of Their Implementation},
   journal = {Journal of Archaeological Method and Theory},
   volume = {24},
   number = {2},
   pages = {424-450},
   ISSN = {1072-5369
1573-7764},
   DOI = {10.1007/s10816-015-9272-9},
   year = {2016}
}

@inbook{RN9001,
   author = {Kibler, Karl W.},
   title = {{The Role of Exotic Materials in Toyah Assemblages in a Late Prehistoric Economic and Social System}},
   booktitle = {The Toyah Phase of Central Texas: Late Prehistoric Economic and Social Processes},
   editor = {Kenmotsu, Nancy A. and Boyd, Douglas K.},
   publisher = {Texas A\&M University Press},
   address = {College Station, Texas},
   pages = {76-89},
   year = {2012},
   type = {Book Section}
}

@inbook{RN9000,
   author = {Ricklis, Robert A.},
   title = {{Toyah Components: Evidence for Occupation in the Project Area during the Latter Part of the Late Prehistoric Period}},
   booktitle = {Archaic and Late Prehistoric Human Ecology in the Middle Onion Creek Valley, Hays County, Texas},
   editor = {Ricklis, Robert A. and Collins, Michael B.},
   publisher = {Studies in Archeology 19. Vol. 1, Texas Archeological Research Laboratory, University of Texas},
   address = {Austin, Texas},
   pages = {207-316},
   year = {1994},
   type = {Book Section}
}

@techreport{RN8999,
   author = {Dockall, John E. and Fields, Ross C. and Kibler, Karl W. and Broehm, Cory J. and Budd, Jon and Gadus, Eloise F. and Gardner, Karen M.},
   title = {Testing and Data Recovery Excavations at the Jayroe Site (41HM51), Hamilton County, Texas (Waco District, CSJ No. 0909-29-030 (Part I))},
   institution = {Reports of Investigations No. 187. Prewitt and Associates, Inc., Austin Texas. Archeological Studies Program, Report No. 184. Texas Department of Transportation, Environmental Affairs Division, Archeological Studies Branch, Austin Texas},
   year = {2020}
}

@article{RN8024,
   author = {Lambiotte, Renaud and Delvenne, Jean-Charles and Barahona, Mauricio},
   title = {{Random Walks, Markov Processes and the Multiscale Modular Organization of Complex Networks}},
   journal = {IEEE Transactions on Network Science and Engineering},
   volume = {1},
   number = {2},
   pages = {76-90},
   ISSN = {2327-4697},
   DOI = {10.1109/tnse.2015.2391998},
   url = {https://ieeexplore.ieee.org/document/7010026/},
   year = {2014},
   type = {Journal Article}
}

@incollection{RN2145,
   author = {Perttula, Timothy K.},
   title = {{Patterns of Prehistoric Lithic Raw Material Utilization in the Caddoan Area: Western Gulf Coastal Plain}},
   booktitle = {Prehistoric Chert Exploitation: Studies from the Mid-Continent},
   editor = {May, B. M. and Butler, E. E.},
   publisher = {Occasional Paper 2. Center for Archaeological Investigations, Southern Illinois University, Carbondale},
   pages = {pp. 129-148},
   year = {1984},
   type = {Book Section}
}

@article{RN5769,
   author = {Suhm, Dee Ann and Krieger, Alex D. and Jelks, Edward B.},
   title = {An Introductory Handbook of Texas Archeology},
   journal = {Bulletin of the Texas Archeological Society},
   volume = {25},
   pages = {1-562},
   year = {1954},
   type = {Journal Article}
}

@incollection{RN5880,
   author = {Binford, Lewis R.},
   title = {{Interassemblage variability - the Mousterian and the 'functional' argument}},
   booktitle = {The Explanation of Culture Change: Models in Prehistory},
   editor = {Renfrew, Colin},
   publisher = {University of Pittsburgh Press},
   address = {Pittsburgh},
   pages = {227-254},
   year = {1973},
   type = {Book Section}
}

@book{RN7795,
   author = {Suhm, Dee Ann and Jelks, Edward B.},
   title = {Handbook of Texas Archeology: Type Descriptions},
   publisher = {Special Publication No. 1. Texas Archeological Society and Bulletin No. 4, Texas Memorial Museum},
   address = {Austin},
   year = {1962},
   type = {Book}
}

@article{RN5873,
   author = {Bleed, Peter},
   title = {{The Optimal Design of Hunting Weapons: Maintainability or Reliability}},
   journal = {American Antiquity},
   volume = {51},
   number = {4},
   pages = {737-747},
   DOI = {10.2307/280862},
   year = {1986},
   type = {Journal Article}
}

@incollection{RN6170,
   author = {Flenniken, J. Jeffrey},
   title = {{Stone Tool Reduction Techniques as Cultural Markers}},
   booktitle = {Stone Tool Analysis: Essays in Honor of Don E. Crabtree},
   editor = {Plew, Mark G. and Woods, James C. and Pavesic, Max G.},
   publisher = {University of New Mexico Press},
   address = {Albuquerque},
   pages = {265-276},
   year = {1985},
   type = {Book Section}
}

@article{RN7045,
   author = {Flenniken, J. Jeffrey and Raymond, Anan W. },
   title = {{Morphological Projectile Point Typology: Replication Experimentation and Technological Analysis}},
   journal = {American Antiquity},
   volume = {51},
   number = {3},
   pages = {603-614},
   DOI = {10.2307/281755},
   year = {1986},
   type = {Journal Article}
}

@article{RN5789,
   author = {Ahler, Stanley A. and Geib, Phil R.},
   title = {{Why Flute? Folsom Point Design and Adaptation}},
   journal = {Journal of Archaeological Science},
   volume = {27},
   number = {9},
   pages = {799-820},
   ISSN = {03054403},
   DOI = {10.1006/jasc.1999.0503},
   year = {2000},
   type = {Journal Article}
}

@article{RN6171,
   author = {Flenniken, J. Jeffrey and Garrison, Ervan G. },
   title = {{Thermally Altered Novaculite and Stone Tool Manufacturing Techniques}},
   journal = {Journal of Field Archaeology},
   volume = {2},
   number = {1/2},
   pages = {125-131},
   DOI = {10.1179/009346975791491303},
   year = {1975},
   type = {Journal Article}
}

@article{RN5900,
   author = {Bleed, Peter and Meier, Marlene},
   title = {{An Objective Test of the Effects of Heat Treatment of Flakeable Stone}},
   journal = {American Antiquity},
   volume = {45},
   number = {3},
   pages = {502-507},
   DOI = {10.2307/279865},
   year = {1980},
   type = {Journal Article}
}

@article{RN8970,
   author = {Domanski, Marian and Webb, John A.},
   title = {{A Review of Heat Treatment Research}},
   journal = {Lithic Technology},
   volume = {32},
   number = {2},
   pages = {153-194},
   DOI = {10.1080/01977261.2007.11721052},
   url = {https://www.tandfonline.com/doi/abs/10.1080/01977261.2007.11721052},
   year = {2007},
   type = {Journal Article}
}

@article{RN6201,
   author = {Gregg, Michael L. and Grybush, Richard J.},
   title = {{Thermally Altered Siliceous Stone from Prehistoric Contexts: Intentional versus Unintentional Alteration}},
   journal = {American Antiquity},
   volume = {41},
   number = {2},
   pages = {189-192},
   DOI = {10.2307/279170},
   year = {1976},
   type = {Journal Article}
}

@article{RN8971,
   author = {Mercieca, Alison and Hiscock, Peter},
   title = {Experimental insights into alternative strategies of lithic heat treatment},
   journal = {Journal of Archaeological Science},
   volume = {35},
   pages = {2634-2639},
   DOI = {10.1016/j.jas.2008.04.021},
   year = {2007},
   type = {Journal Article}
}

@article{RN5787,
   author = {Ambrose, Stanley H.},
   title = {{Howiesons Poort lithic raw material procurement patterns and the evolution of modern human behavior: A response to Minichillo (2006)}},
   journal = {Journal of Human Evolution},
   volume = {50},
   number = {3},
   pages = {365-369},
   ISSN = {00472484},
   DOI = {10.1016/j.jhevol.2005.12.006},
   url = {https://www.sciencedirect.com/science/article/abs/pii/S0047248405002290?via%3Dihub},
   year = {2006},
   type = {Journal Article}
}

@article{RN6855,
   author = {Teltser, Patrice A.},
   title = {{Generalized Core Technology and Tool Use: A Mississippian Example}},
   journal = {Journal of Field Archaeology},
   volume = {18},
   number = {3},
   pages = {363-375},
   DOI = {10.1179/009346991791548681},
   year = {1991},
   type = {Journal Article}
}

@article{RN8968,
   author = {Clark, John E.},
   title = {{Manufacture of Mesoamerican Prismatic Blades: An Alternative Technique}},
   journal = {American Antiquity},
   volume = {47},
   pages = {355-376},
   DOI = {10.2307/279907},
   year = {1982},
   type = {Journal Article}
}

@article{RN8969,
   author = {Newcomer, Mark H.},
   title = {{Some Quantitative Experiments in Hand-Axe Manufacture}},
   journal = {World Archaeology},
   volume = {3},
   pages = {85-95},
   DOI = {10.1080/00438243.1971.9979493},
   year = {1971},
   type = {Journal Article}
}

@article{RN7927,
   author = {Selden Jr., Robert Z.},
   title = {{Ceramic Morphological Organisation in the Southern Caddo Area: Quiddity of Shape for Hickory Engraved Bottles}},
   journal = {Journal of Archaeological Science: Reports},
   volume = {21},
   pages = {884-896},
   ISSN = {2352409X},
   DOI = {10.1016/j.jasrep.2018.08.045},
   year = {2018},
   type = {Journal Article}
}

@article{RN8074,
   author = {Selden Jr., Robert Z.},
   title = {{A Preliminary Study of Smithport Plain Bottle Morphology in the Southern Caddo Area}},
   journal = {Bulletin of the Texas Archeological Society},
   volume = {89},
   pages = {63-89},
   url = {https://scholarworks.sfasu.edu/crhr/283/},
   year = {2018},
   type = {Journal Article}
}

@article{RN5693,
   author = {Selden Jr., Robert Z.},
   title = {{Asymmetry of Caddo Ceramics from the Washington Square Mound Site: An Exploratory Analysis}},
   journal = {Digital Applications in Archaeology and Cultural Heritage},
   volume = {5},
   pages = {21-28},
   ISSN = {22120548},
   DOI = {10.1016/j.daach.2017.04.003},
   year = {2017},
   type = {Journal Article}
}

@article{RN7162,
   author = {Selden Jr., Robert Z. and Perttula, Timothy K. and O'Brien, Michael J.},
   title = {{Advances in Documentation, Digital Curation, Virtual Exhibition, and a Test of 3D Geometric Morphometrics: A Case Study of the Vanderpool Vessels from the Ancestral Caddo Territory}},
   journal = {Advances in Archaeological Practice},
   volume = {2},
   number = {2},
   pages = {1-15},
   ISSN = {2326-3768},
   DOI = {10.7183/2326-3768.2.2.64},
   year = {2014},
   type = {Journal Article}
}

@article{RN8993,
   author = {Hughes, Susan S},
   title = {{Getting to the Point: Evolutionary Change in Prehistoric Weaponry}},
   journal = {Journal of Archaeological Method and Theory},
   volume = {5},
   number = {4},
   pages = {345-408},
   ISSN = {1072-5369
1573-7764},
   DOI = {https://doi.org/10.1007/BF02428421},
   year = {1998},
   type = {Journal Article}
}

@article{RN8994,
   author = {Christenson, Andrew L.},
   title = {{Projectile Point Size and Projectile Aerodynamics: An Exploratory Study}},
   journal = {Plains Anthropologist},
   volume = {31},
   number = {112},
   pages = {109-128},
   ISSN = {0032-0447
2052-546X},
   DOI = {https://doi.org/10.1080/2052546.1986.11909324},
   year = {1986},
   type = {Journal Article}
}

@incollection{RN6342,
   author = {Kay, Marvin},
   title = {{Microwear Analysis of Some Clovis and Experimental Chipped Stone Tools}},
   booktitle = {Stone Tools: Theorectical Insights into Human Prehistory},
   editor = {Odell, George},
   publisher = {Plenum Press},
   address = {New York},
   pages = {315-344},
   year = {1996},
   type = {Book Section}
}

@incollection{RN8992,
   author = {Harper, Cheryl and Andrefsky Jr, William},
   title = {{Exploring the Dart and Arrow Dilemma: Retouch Indices as Functional Determinants}},
   booktitle = {Lithic Technology},
   editor = {Andrefsky Jr, William},
   publisher = {Cambridge University Press},
   address = {New York},
   pages = {175-191},
   year = {2008},
   type = {Book Section}
}

@article{RN11097,
   author = {Selden Jr., Robert Z.},
   title = {Morphologically Similar, but Regionally Distinct: Perdiz Arrow Points from Caddo Burial Contexts in the American Southeast},
   journal = {Lithic Technology},
   volume = {(in press)},
   keywords = {computational archaeology; archaeoinformatics; geometric morphometrics; morphological disparity; phenotypic trajectory analysis; museum studies; digital humanities; STEM; STEAM},
   DOI = {10.1080/01977261.2022.2095492},
   url = {https://doi.org/10.1080/01977261.2022.2095492},
   year = {2022},
   type = {Journal Article}
}

@article{RN8980,
   author = {Selden Jr., Robert Z. and Dockall, John E. and Bousman, C. Britt and Perttula, Timothy K.},
   title = {{Supplementary materials for paper: Shape as a function of time + raw material + burial context? A preliminary analysis of Perdiz arrow points in the southern Caddo area}},
   journal = {Open Science Framework},
   DOI = {10.17605/OSF.IO/DEJ74},
   year = {2021},
   type = {Journal Article}
}

@article{RN8275,
   author = {Densmore, Julie A.},
   title = {{A Detailed Analysis of the Variation in Morphology of the Gary Dart Point}},
   journal = {Lithic Technology},
   volume = {32},
   number = {1},
   pages = {7-16},
   ISSN = {0197-7261
2051-6185},
   DOI = {10.1080/01977261.2007.11721040},
   year = {2007},
   type = {Journal Article}
}

@article{RN2241,
   author = {Perttula, Timothy K.},
   title = {{Analysis of the Prehistoric Artifacts from the Pace McDonald Site (41AN51), Anderson County, Texas}},
   journal = {Journal of Northeast Texas Archaeology},
   volume = {34},
   pages = {35-54},
   DOI = {https://doi.org/10.21112/.ita.2011.1.32},
   url = {https://scholarworks.sfasu.edu/ita/vol2011/iss1/32/},
   year = {2011},
   type = {Journal Article}
}

@article{RN8982,
   author = {Furman, Ed and Amick, Clyde},
   title = {{Archaeological Investigations at 41AN115}},
   journal = {Journal of Northeast Texas Archaeology},
   volume = {21},
   pages = {15-63},
   DOI = {https://doi.org/10.21112/.ita.2005.1.24},
   url = {https://scholarworks.sfasu.edu/ita/vol2005/iss1/24/},
   year = {2005},
   type = {Journal Article}
}

@article{RN8158,
   author = {Selden Jr., Robert Z. and Dockall, John E. and Shafer, Harry J.},
   title = {{Lithic Morphological Organisation: Gahagan Bifaces from the Southern Caddo Area}},
   journal = {Digital Applications in Archaeology and Cultural Heritage},
   volume = {10},
   pages = {e00080},
   ISSN = {22120548},
   DOI = {10.1016/j.daach.2018.e00080},
   year = {2018},
   type = {Journal Article}
}

@article{RN8561,
   author = {Adams, Dean C. and Collyer, Michael L.},
   title = {{A General Framework for the Analysis of Phenotypic Trajectories in Evolutionary Studies}},
   journal = {Evolution},
   volume = {63},
   number = {5},
   pages = {1143-54},
   ISSN = {1558-5646 (Electronic)
0014-3820 (Linking)},
   DOI = {10.1111/j.1558-5646.2009.00649.x},
   url = {http://www.ncbi.nlm.nih.gov/pubmed/19210539
https://onlinelibrary.wiley.com/doi/full/10.1111/j.1558-5646.2009.00649.x
https://onlinelibrary.wiley.com/doi/pdfdirect/10.1111/j.1558-5646.2009.00649.x?download=true},
   year = {2009},
   type = {Journal Article}
}

@article{RN8560,
   author = {Collyer, Michael L. and Sekora, David J. and Adams, Dean C.},
   title = {{A Method for Analysis of Phenotypic Change for Phenotypes Described by High-Dimensional Data}},
   journal = {Heredity},
   volume = {115},
   number = {4},
   pages = {357-65},
   ISSN = {1365-2540 (Electronic)
0018-067X (Linking)},
   DOI = {10.1038/hdy.2014.75},
   url = {http://www.ncbi.nlm.nih.gov/pubmed/25204302
https://www.ncbi.nlm.nih.gov/pmc/articles/PMC4815463/pdf/hdy201475a.pdf},
   year = {2015},
   type = {Journal Article}
}

@article{RN8352,
   author = {Adams, Dean C. and Collyer, Michael L.},
   title = {{Analysis of Character Divergence along Environmental Gradients and other Covariates}},
   journal = {Evolution},
   volume = {61},
   number = {3},
   pages = {510-5},
   ISSN = {0014-3820 (Print)
0014-3820 (Linking)},
   DOI = {10.1111/j.1558-5646.2007.00063.x},
   url = {https://www.ncbi.nlm.nih.gov/pubmed/17348916
https://onlinelibrary.wiley.com/doi/full/10.1111/j.1558-5646.2007.00063.x
https://onlinelibrary.wiley.com/doi/pdfdirect/10.1111/j.1558-5646.2007.00063.x?download=true},
   year = {2007},
   type = {Journal Article}
}

@incollection{RN8989,
   author = {Braun, David P.},
   title = {{Illinois Hopewell Burial Practices and Social Organization: A Reexamination of the Klunk-Gibson Mound Group}},
   booktitle = {Hopewell Archaeology},
   editor = {Brose, D. S. and Greber, N},
   publisher = {Kent State University Press},
   address = {Kent, Ohio},
   pages = {66-79},
   year = {1979},
   type = {Book Section}
}

@article{RN8544,
   author = {Collyer, Michael L. and Adams, Dean C.},
   title = {{Phenotypic Trajectory Analysis: Comparison of Shape Change Patterns in Evolution and Ecology}},
   journal = {Hystrix},
   volume = {24},
   number = {1},
   pages = {75-83},
   DOI = {doi:10.4404/hystrix-24.1-6298},
   url = {http://www.italian-journal-of-mammalogy.it/pdf-77245-13398?filename=Phenotypic trajectory.pdf},
   year = {2013},
   type = {Journal Article}
}

@article{RN5871,
   author = {Bird, Douglas W. and O'Connell, James F.},
   title = {{Behavioral Ecology and Archaeology}},
   journal = {Journal of Archaeological Research},
   volume = {14},
   number = {2},
   pages = {143-188},
   ISSN = {1059-0161
1573-7756},
   DOI = {10.1007/s10814-006-9003-6},
   year = {2006},
   type = {Journal Article}
}

@article{RN8370,
   author = {Selden Jr., Robert Z.},
   title = {{Ceramic Morphological Organisation in the Southern Caddo Area: The Clarence H. Webb Collections}},
   journal = {Journal of Cultural Heritage},
   volume = {35},
   pages = {41-55},
   DOI = {10.1016/j.culher.2018.07.002},
   url = {https://www.sciencedirect.com/science/article/abs/pii/S1296207418301912?via%3Dihub},
   year = {2019},
   type = {Journal Article}
}

@incollection{RN8312,
   author = {Selden Jr., Robert Z.},
   title = {{Louisiana Limitrophe: An Iterative Morphological Exegesis of Caddo Bottle and Biface Production}},
   booktitle = {Ancestral Caddo Ceramic Traditions},
   editor = {McKinnon, Duncan P. and Girard, Jeffrey S. and Perttula, Timothy K.},
   publisher = {LSU Press},
   address = {Baton Rouge, in press},
   year = {2021},
   type = {Book Section}
}

@article{RN8322,
   author = {Selden Jr., Robert Z. and Dockall, John E. and Dubied, Morgane},
   title = {{A quantitative assessment of intraspecific morphological variation in Gahagan bifaces from the southern Caddo area and central Texas}},
   journal = {Southeastern Archaeology},
   volume = {39},
   number = {2},
   pages = {125-145},
   ISSN = {0734-578X
2168-4723},
   DOI = {10.1080/0734578x.2020.1744416},
   year = {2020},
   type = {Journal Article}
}

@article{RN21008,
   author = {Peels, Rik and Bouter, Lex},
   title = {Humanities Need a Replication Drive Too},
   journal = {Nature},
   volume = {558},
   number = {7710},
   pages = {372},
   ISSN = {1476-4687 (Electronic)
0028-0836 (Linking)},
   DOI = {10.1038/d41586-018-05454-w},
   url = {https://www.ncbi.nlm.nih.gov/pubmed/29921855},
   year = {2018}
}

@article{RN21007,
   author = {Marwick, Ben and Wang, Li-Ying and Robinson, Ryan and Loiselle, Hope},
   title = {How to Use Replication Assignments for Teaching Integrity in Empirical Archaeology},
   journal = {Advances in Archaeological Practice},
   volume = {8},
   number = {1},
   pages = {78-86},
   ISSN = {2326-3768},
   DOI = {10.1017/aap.2019.38},
   year = {2019}
}

@techreport{RN8962,
   author = {Perttula, Timothy K. and Walters, Mark and Stingley, Kevin and Middlebrook, Tom A.},
   title = {Ceramic Vessels and Other Funerary Objects in the Titus Phase Cemetery at the Tuck Carpenter Site, Camp County, Texas},
   institution = {Special Publication No. 48. Friends of Northeast Texas Archaeology, Austin and Pittsburg},
   year = {2017},
   type = {Report}
}

@article{RN8963,
   author = {Perttula, Timothy K.},
   title = {{Caddo Ceramic and Lithic Artifacts from the Washington Square Mound Site (41NA49) in Nacogdoches County, Texas: 1985 Texas Archeological Society Field School Investigations}},
   journal = {Bulletin of the Texas Archeological Society},
   volume = {80},
   pages = {145-193},
   year = {2009},
   type = {Journal Article}
}

@article{RN3158,
   author = {Turner, Robert L.},
   title = {{The Tuck Carpenter Site and Its Relations to Other Sites within the Titus Focus}},
   journal = {Bulletin of the Texas Archeological Society},
   volume = {49},
   pages = {1-110},
   year = {1978},
   type = {Journal Article}
}

@book{RN2444,
   author = {Perttula, Timothy K. and Walters, Mark and Nelson, Bo},
   title = {{Archeological Investigations at the Pace McDonald Site (41AN51): A Middle Caddo Mound Center in the Neches River Basin in East Texas}},
   publisher = {Friends of Northeast Texas Archaeology},
   address = {Pittsburg and Austin},
   volume = {Special Publication No. 21},
   year = {2012},
   type = {Book}
}

@techreport{RN3159,
   author = {Turner, Robert L.},
   title = {Prehistoric Mortuary Remains at the Tuck Carpenter Site, Camp County, Texas},
   institution = {Studies in Archeology No. 10. Texas Archeological Research Laboratory, The University of Texas at Austin, Austin},
   year = {1992},
   type = {Report}
}

@book{RN2440,
   author = {Perttula, Timothy K. and Walters, Mark and Nelson, Rodney B.},
   title = {Caddo Pottery Vessels and Pipes from the Johns Site (41CP12) in the Big Cypress Creek Basin in the Turner and Johns Collections, Camp County, Texas},
   publisher = {Friends of Northeast Texas Archaeology},
   address = {Austin and Pittsburg},
   volume = {Special Publication No. 11},
   year = {2010},
   type = {Book}
}

@techreport{RN2439,
   author = {Perttula, Timothy K. and Walters, Mark and Nelson, Rodney Bo},
   title = {Caddo Pottery Vessels and Pipes from Sites in the Big Cypress, Sulphur, Neches-Angelina, and Middle Sabine River Basins in the Turner and Johns Collections, Camp, Cass, Cherokee, Harrison, Morris, Titus, and Upshur Counties, Texas and Sabine Parish, Louisiana},
   institution = {Special Publication No. 10. Friends of Northeast Texas Archaeology, Pittsburg and Austin},
   year = {2010},
   type = {Report}
}

@techreport{RN8964,
   author = {Perttula, Timothy K. and Miller, Mason D.},
   title = {Archeological Investigations at the Kitchen Branch (41CP220), B. J. Horton (41CP20), and Keering (41CP21) Sites, Big Cypress Creek Basin, Camp County, Texas},
   institution = {Technical Report No. 82. AmaTerra Environmental, Inc., Austin},
   DOI = {10.21112/ita.2014.1.1},
   year = {2014},
   type = {Report}
}

@article{RN2275,
   author = {Perttula, Timothy K.},
   title = {{The Sam D. Carpenter Bottom Site (41CP495) in the Big Cypress Creek Basin, Camp County, Texas}},
   journal = {Journal of Northeast Texas Archaeology},
   volume = {42},
   pages = {1-21},
   ISSN = {24759333},
   DOI = {https://doi.org/10.21112/.ita.2013.1.29},
   url = {https://scholarworks.sfasu.edu/ita/vol2013/iss1/29/},
   year = {2013},
   type = {Journal Article}
}

@techreport{RN5724,
   author = {Fields, Ross C. and Gadus, Eloise F.},
   title = {{Archeology of the Nadaco Caddo: the View from the Pine Tree Mound Site (41HS15), Harrison County, Texas}},
   institution = {2 Vols. Reports of Investigations No. 164. Prewitt and Associates, Inc., Austin},
   year = {2012},
   type = {Report}
}

@article{RN2944,
   author = {Selden Jr., Robert Z. and Perttula, Timothy K.},
   title = {{Radiocarbon trends and the East Texas Caddo tradition (ca. A.D. 800-1680)}},
   journal = {Southeastern Archaeology},
   volume = {32},
   number = {1},
   pages = {85-96},
   url = {http://www.scopus.com/inward/record.url?eid=2-s2.0-84883221547&partnerID=MN8TOARS},
   year = {2013},
   type = {Journal Article}
}

@article{RN8983,
   author = {Perttula, Timothy K. and Walters, Mark and Nelson, R. Bo},
   title = {{Funerary Offerings from the Keasler Site Cemetery (41HS235), Harrison County, Texas}},
   journal = {Journal of Northeast Texas Archaeology},
   volume = {63},
   pages = {23-38},
   DOI = {https://doi.org/10.21112/.ita.2016.1.66},
   url = {https://scholarworks.sfasu.edu/ita/vol2016/iss1/66/},
   year = {2016},
   type = {Journal Article}
}

@book{RN2347,
   author = {Perttula, Timothy K. and Nelson, Bo},
   title = {Prehistoric Artifact Assemblages from Sites along Hickory Creek in the Davy Crockett National Forest, Houston County, Texas},
   publisher = {Friends of Northeast Texas Archaeology},
   address = {Pittsburg and Austin},
   volume = {Special Publication No. 14},
   DOI = {https://doi.org/10.21112/ita.2009.1.15},
   url = {https://scholarworks.sfasu.edu/ita/vol2009/iss1/15/},
   year = {2009},
   type = {Book}
}

@article{RN1536,
   author = {Perttula, Timothy K. and Selden Jr., Robert Z. and Nelson, Bo},
   title = {{Documentation of Ceramic Vessels and Projectile Points from the C. D. Marsh Site (41HS269) in the Sabine River Basin}},
   journal = {Journal of Northeast Texas Archaeology},
   volume = {44},
   pages = {85-98},
   DOI = {10.21112/.ita.2014.1.51},
   year = {2014},
   type = {Journal Article}
}

@article{RN914,
   author = {Corbin, James E. and Hart, John P.},
   title = {{The Washington Square Mound Site: A Middle Caddo Mound Complex in South Central East Texas}},
   journal = {Bulletin of the Texas Archeological Society},
   volume = {69},
   pages = {47-78},
   year = {1998},
   type = {Journal Article}
}

@book{RN12,
   author = {Perttula, Timothy K. and Walters, Mark and Nelson, Rodney B. and Cast, Robert},
   title = {Documentation of Associated and Unassociated Caddo Funerary Objects in the Stephen F. Austin State University Collections, Nacogdoches, Texas.},
   publisher = {Stephen F. Austin State University Press},
   address = {Nacogdoches, Texas},
   year = {2010},
   type = {Book}
}

@techreport{RN8965,
   author = {Perttula, Timothy K. and Marceaux, P. Shawn},
   title = {The Lithic and Ceramic Artifacts from the Spradley Site (41NA206), Nacogdoches County, Texas},
   institution = {Special Publication No. 50. Friends of Northeast Texas Archaeology},
   DOI = {https://doi.org/10.21112/ita.2018.1.2},
   url = {https://scholarworks.sfasu.edu/ita/vol2018/iss1/2/},
   year = {2018},
   type = {Report}
}

@article{RN1971,
   author = {Middlebrook, Tom A.},
   title = {{The Jack Walton Site (41SA135), San Augustine County, Texas}},
   journal = {Journal of Northeast Texas Archaeology},
   volume = {33},
   pages = {1-23},
   DOI = {10.21112/.ita.2010.1.28},
   year = {2010},
   type = {Journal Article}
}

@article{RN3231,
   author = {Walters, Mark and Haskins, Patti},
   title = {{The Bryan Hardy Site (41SM55), Smith County, Texas}},
   journal = {Journal of Northeast Texas Archaeology},
   volume = {12},
   pages = {1-26},
   ISSN = {24759333},
   DOI = {https://doi.org/10.21112/.ita.2000.1.25},
   url = {https://scholarworks.sfasu.edu/ita/vol2000/iss1/25/},
   year = {2000},
   type = {Journal Article}
}

@article{RN3230,
   author = {Walters, Mark and Haskins, Patti},
   title = {{Archaeological Investigations at the Redwine Site (41SM193), Smith County, Texas}},
   journal = {Journal of Northeast Texas Archaeology},
   volume = {11},
   pages = {1-38},
   DOI = {https://doi.org/10.21112/.ita.1998.1.43},
   url = {https://scholarworks.sfasu.edu/ita/vol1998/iss1/43/},
   year = {1998},
   type = {Journal Article}
}

@article{RN3220,
   author = {Walters, Mark},
   title = {{The Wolf Site (41SM195), Smith County, Texas}},
   journal = {Journal of Northeast Texas Archaeology},
   volume = {18},
   pages = {1-21},
   DOI = {https://doi.org/10.21112/.ita.2003.1.25},
   url = {https://scholarworks.sfasu.edu/ita/vol2003/iss1/25/},
   year = {2003},
   type = {Journal Article}
}

@article{RN8966,
   author = {Perttula, Timothy K.},
   title = {{Analysis of Aboriginal Ceramic and Lithic Artifacts from Sites on National Forest Lands in East Texas}},
   journal = {Journal of Northeast Texas Archaeology},
   volume = {77},
   pages = {1-122},
   year = {2018},
   type = {Journal Article}
}

@book{RN8584,
   author = {R Core Development Team},
   title = {R: A Language and Environment for Statistical Computing. Electronic resource,},
   publisher = {R Foundation for Statistical Computing},
   address = {Vienna, Austria},
   url = {http://www.R-project.org},
   year = {2021},
   type = {Book}
}

@article{RN8925,
   author = {Bonhomme, Vincent and Picq, Sandrine and Gaucherel, Cï¿½dric and Claude, Julien},
   title = {{Momocs: Outline Analysis Using R}},
   journal = {Journal of Statistical Software},
   volume = {56},
   number = {13},
   ISSN = {1548-7660},
   DOI = {10.18637/jss.v056.i13},
   year = {2014},
   type = {Journal Article}
}

@article{RN6363,
   author = {Kuhn, Steven L.},
   title = {{A Formal Approach to the Design and Assembly of Mobile Toolkits}},
   journal = {American Antiquity},
   volume = {59},
   number = {3},
   pages = {426-442},
   ISSN = {0002-7316
2325-5064},
   DOI = {https://doi.org/10.2307/282456},
   year = {1994},
   type = {Journal Article}
}

@article{RN8069,
   author = {Brughmans, Tom},
   title = {Connecting the Dots: Towards Archaeological Network Analysis},
   journal = {Oxford Journal of Archaeology},
   volume = {29},
   number = {3},
   pages = {277-303},
   ISSN = {02625253
14680092},
   DOI = {10.1111/j.1468-0092.2010.00349.x},
   url = {https://onlinelibrary.wiley.com/doi/abs/10.1111/j.1468-0092.2010.00349.x},
   year = {2010},
   type = {Journal Article}
}

@article{RN6541,
   author = {Orton, Jayson},
   title = {{A useful measure of the desirability of different raw materials for retouch within and between assemblages: The raw material retouch index (RMRI)}},
   journal = {Journal of Archaeological Science},
   volume = {35},
   number = {4},
   pages = {1090-1094},
   ISSN = {03054403},
   DOI = {10.1016/j.jas.2007.08.002},
   year = {2008},
   type = {Journal Article}
}

@article{RN2805,
   author = {Gero, Joan and Mazzullo, Jim},
   title = {{Analysis of Artifact Shape Using Fourier Series in Closed Form}},
   journal = {Journal of Field Archaeology},
   volume = {11},
   number = {3},
   pages = {315},
   ISSN = {00934690},
   DOI = {10.2307/529282},
   year = {1984},
   type = {Journal Article}
}

@book{RN39,
   author = {LaVere, David},
   title = {The Indians of Texas},
   publisher = {Texas A\&M University Press},
   address = {College Station},
   year = {1998},
   type = {Book}
}

@book{RN38,
   author = {Foster, William C.},
   title = {The Historic Native Peoples of Texas: 1528-1722},
   publisher = {The University of Texas Press},
   address = {Austin},
   year = {2008},
   type = {Book}
}

@book{RN8076,
   author = {Smith, F. Todd},
   title = {The Caddo Indians: Tribes at the Convergence of Empires, 1542 - 1854},
   publisher = {Texas A\&M University Press},
   address = {College Station},
   year = {1995},
   type = {Book}
}

@book{RN9005,
   author = {Carter, Cecile E.},
   title = {Caddo Indians: Where We Come From},
   publisher = {University of Oklahoma Press},
   address = {Norman, Oklahoma},
   year = {1995},
   type = {Book}
}

@article{RN9004,
   author = {Vestergaard, C. and Hoggard, Christian S.},
   title = {{A Novel Geometric Morphometric (GMM) Application to the Study of Bronze Age Tutuli}},
   journal = {Danish Journal of Archaeology},
   volume = {8},
   pages = {5-28},
   DOI = {A Novel Geometric Morphometric (GMM) Application to the Study of Bronze Age Tutuli},
   url = {https://tidsskrift.dk/dja/article/view/112494},
   year = {2019},
   type = {Journal Article}
}


@article{RN9003,
   author = {Hoggard, Christian Steven and McNabb, John and Cole, James Nathan},
   title = {{The Application of Elliptic Fourier Analysis in Understanding Biface Shape and Symmetry Through the British Acheulean}},
   journal = {Journal of Paleolithic Archaeology},
   volume = {2},
   number = {2},
   pages = {115-133},
   ISSN = {2520-8217},
   DOI = {10.1007/s41982-019-00024-6},
   year = {2019},
   type = {Journal Article}
}

@incollection{RN8031,
   author = {Selden Jr., Robert Z.},
   title = {{An Exploratory Network Analysis of the Historic Caddo Period in Northeast Texas}},
   booktitle = {Ancestral Caddo Ceramic Traditions},
   editor = {McKinnon, Duncan P. and Perttula, Timothy K. and Girard, Jeffrey S.},
   publisher = {LSU Press},
   address = {Baton Rouge, in press},
   year = {2021},
   type = {Book Section}
}

@article{RN6313,
   author = {Iovita, Radu},
   title = {{Ontogenetic Scaling and Lithic Systematics: Method and Application}},
   journal = {Journal of Archaeological Science},
   volume = {36},
   number = {7},
   pages = {1447-1457},
   ISSN = {03054403},
   DOI = {10.1016/j.jas.2009.02.008},
   year = {2009},
   type = {Journal Article}
}

@inbook{RN5230,
   author = {Iovita, Radu},
   title = {{Comparing Stone Tool Resharpening Trajectories with the Aid of Elliptical Fourier Analysis}},
   booktitle = {New Perspectives on Old Stones: Analytical Approaches to Paleolithic Technologies},
   editor = {Lycett, S. J. and Chauhan, P.},
   publisher = {Springer-Verlag New York},
   address = {New York},
   pages = {235-253},
   DOI = {10.1007/978-1-4419-6861-6_10},
   year = {2010},
   type = {Book Section}
}

@article{RN5225,
   author = {Iovita, Radu},
   title = {{Shape variation in Aterian tanged tools and the origins of projectile technology: A morphometric perspective on stone tool function}},
   journal = {PLoS One},
   volume = {6},
   number = {12},
   pages = {e29029},
   ISSN = {1932-6203 (Electronic)
1932-6203 (Linking)},
   DOI = {10.1371/journal.pone.0029029},
   url = {http://www.ncbi.nlm.nih.gov/pubmed/22216161},
   year = {2011},
   type = {Journal Article}
}

@article{RN5227,
   author = {Iovita, Radu and McPherron, Shannon P.},
   title = {{The Handaxe Reloaded: A Morphometric Reassessment of Acheulian and Middle Paleolithic Handaxes}},
   journal = {Journal of Human Evolution},
   volume = {61},
   number = {1},
   pages = {61-74},
   ISSN = {1095-8606 (Electronic)
0047-2484 (Linking)},
   DOI = {10.1016/j.jhevol.2011.02.007},
   url = {http://www.ncbi.nlm.nih.gov/pubmed/21496877},
   year = {2011},
   type = {Journal Article}
}

@article{RN8358,
   author = {Iovita, Radu and Tuvi-Arad, Inbal and Moncel, Marie-Heï¿½lï¿½ne and Desprieï¿½e, Jackie and Voinchet, Pierre and Bahain, Jean-Jacques},
   title = {{High Handaxe Symmetry at the Beginning of the European Acheulian: The Data from La Noira (France) in Context}},
   journal = {PLoS One},
   volume = {12},
   number = {5},
   pages = {e0177063},
   ISSN = {1932-6203 (Electronic)
1932-6203 (Linking)},
   DOI = {10.1371/journal.pone.0177063},
   url = {https://www.ncbi.nlm.nih.gov/pubmed/28520745},
   year = {2017},
   type = {Journal Article}
}

@article{RN8967,
   author = {Ivanovaite, Livija and Serwatka, Kamil and Hoggard, Christian Steven and Sauer, Florian and Riede, Felix},
   title = {{All these Fantastic Cultures? Research History and Regionalization in the Late Palaeolithic Tanged Point Cultures of Eastern Europe}},
   journal = {European Journal of Archaeology},
   volume = {23},
   number = {2},
   pages = {162-185},
   ISSN = {1461-9571
1741-2722},
   DOI = {10.1017/eaa.2019.59},
   year = {2019},
   type = {Journal Article}
}

@article{RN5231,
   author = {Saragusti, Idit and Karasik, Avshalom and Sharon, Ilan and Smilansky, Uzy},
   title = {{Quantitative analysis of shape attributes based on contours and section profiles in artifact analysis}},
   journal = {Journal of Archaeological Science},
   volume = {32},
   number = {6},
   pages = {841-853},
   ISSN = {03054403},
   DOI = {10.1016/j.jas.2005.01.002},
   year = {2005},
   type = {Journal Article}
}

@article{RN7164,
   author = {Serwatka, Kamil},
   title = {{Shape Variation of Middle Palaeolithic Bifacial Tools from Southern Poland: A Geometric Morphometric Approach to Keilmessergruppen Handaxes and Backed Knives}},
   journal = {Lithics},
   volume = {35},
   pages = {18-32},
   url = {http://journal.lithics.org/index.php/lithics/article/viewFile/371/353},
   year = {2015},
   type = {Journal Article}
}

@article{RN8923,
   author = {Bonhomme, Vincent and Forster, Emily and Wallace, Michael and Stillman, Eleanor and Charles, Michael and Jones, Glynis},
   title = {{Identification of inter- and intra-species variation in cereal grains through geometric morphometric analysis, and its resilience under experimental charring}},
   journal = {Journal of Archaeological Science},
   volume = {86},
   pages = {60-67},
   ISSN = {03054403},
   DOI = {10.1016/j.jas.2017.09.010},
   year = {2017},
   type = {Journal Article}
}


@article{RN1754,
   author = {Buchanan, Briggs and Collard, Mark},
   title = {{A Geometric Morphometrics-Based Assessment of Blade Shape Differences among Paleoindian Projectile Point Types from Western North America}},
   journal = {Journal of Archaeological Science},
   volume = {37},
   number = {2},
   pages = {350-359},
   ISSN = {03054403},
   DOI = {10.1016/j.jas.2009.09.047},
   year = {2010}
}

@article{RN1736,
   author = {Buchanan, Briggs and Collard, Mark and Hamilton, Marcus J. and Oâ€™Brien, Michael J.},
   title = {{Points and Prey: A Quantitative Test of the Hypothesis that Prey Size Influences early Paleoindian Projectile Point Form}},
   journal = {Journal of Archaeological Science},
   volume = {38},
   number = {4},
   pages = {852-864},
   ISSN = {03054403},
   DOI = {10.1016/j.jas.2010.11.007},
   year = {2011}
}

@article{RN11731,
   author = {Ragan, Kathryn and Buchanan, Briggs},
   title = {{Assessing Collector Bias: A Geometric Morphometric Analysis of a Collection of Isolated Clovis Points from the Midcontinent}},
   journal = {Midcontinental Journal of Archaeology},
   volume = {43},
   number = {2},
   pages = {91-111},
   ISSN = {0146-1109
2327-4271},
   DOI = {10.1080/01461109.2018.1426430},
   year = {2018}
}

@book{RN11786,
   author = {Birkhoff, George D.},
   title = {Aesthetic Measure},
   publisher = {Harvard University Press},
   address = {Cambridge},
   year = {1933}
}

@article{RN20874,
   author = {Densmore, Julie A.},
   title = {{A Detailed Analysis of the Variation in Morphology of the Gary Dart Point}},
   journal = {Lithic Technology},
   volume = {32},
   number = {1},
   pages = {7-16},
   ISSN = {0197-7261
2051-6185},
   DOI = {10.1080/01977261.2007.11721040},
   year = {2007}
}

@article{RN20900,
   author = {Strauss, Richard E. and Bookstein, Fred L.},
   title = {The Truss: Body Form Reconstructions in Morphometrics},
   journal = {Systematic Zoology},
   volume = {31},
   number = {2},
   pages = {113-135},
   DOI = {https://doi.org/10.1093/sysbio/31.2.113},
   year = {1982}
}

@article{RN20881,
   author = {Hildebrandt, William R. and King, Jerome H.},
   title = {Distinguishing Between Darts and Arrows in the Archaeological Record: Implications for Technological Change in the American West},
   journal = {American Antiquity},
   volume = {77},
   number = {4},
   pages = {789-799},
   ISSN = {0002-7316
2325-5064},
   DOI = {10.7183/0002-7316.77.4.789},
   year = {2012}
}

@book{RN20898,
   author = {Ford, James A. and Webb, Clarence H.},
   title = {Poverty Point, A Late Archaic Site in Louisiana},
   publisher = {American Museum of Natural History},
   address = {New York},
   volume = {46},
   series = {Anthropological Papers of the American Museum of Natural History},
   url = {http://digitallibrary.amnh.org/handle/2246/108},
   year = {1956}
}

@book{RN3132,
   author = {Schambach, Frank F.},
   title = {Pre-Caddoan Cultures in the Trans-Mississippi South: A Beginning Sequence},
   publisher = {Research Series 53, Arkansas Archeological Survey},
   address = {Fayetteville},
   year = {1998}
}

@article{RN20874,
   author = {Densmore, Julie A.},
   title = {A Detailed Analysis of the Variation in Morphology of the Gary Dart Point},
   journal = {Lithic Technology},
   volume = {32},
   number = {1},
   pages = {7-16},
   ISSN = {0197-7261
2051-6185},
   DOI = {10.1080/01977261.2007.11721040},
   year = {2007}
}

@article{RN20880,
   author = {Erlandson, Jon M. and Watts, Jack L. and Jew, Nicholas P.},
   title = {Darts, Arrows, and Archaeologists: Distinguishing Dart and Arrow Points in the Archaeological Record},
   journal = {American Antiquity},
   volume = {79},
   number = {1},
   pages = {162-169},
   ISSN = {0002-7316
2325-5064},
   DOI = {10.7183/0002-7316.79.1.162},
   year = {2014}
}

@book{RN20899,
   author = {Ford, James A. and Phillips, Philip and Haag, William G.},
   title = {The Jaketown Site in West-Central Mississippi},
   publisher = {American Museum of Natural History},
   address = {New York},
   volume = {45: Part 1},
   series = {Anthropological Papers of the American Museum of Natural History},
   url = {http://digitallibrary.amnh.org/handle/2246/90},
   year = {1955}
}

@book{RN20896,
   author = {Baerreis, David A.},
   title = {The Preceramic Horizons of Northeastern Oklahoma},
   address = {Ann Arbor},
   series = {Anthropological Papers, Museum of Anthropology, No. 6},
   year = {1951}
}

@article{RN3937,
   author = {Krieger, Alex D.},
   title = {The Typological Concept},
   journal = {American Antiquity},
   volume = {9},
   number = {3},
   pages = {271-288},
   ISSN = {0002-7316
2325-5064},
   DOI = {10.2307/275785},
   year = {1944}
}

@techreport{RN11572,
   author = {Ensor, H. Blaine and Carlson, David L.},
   title = {The Crawford Site (41PK69), Central Trinity River Highlands, Polk County, Texas},
   institution = {Report No. 4., Texas State Department of Highways and Public Transportation, Contract Reports in Archeology, Austin},
   year = {1988}
}

@book{RN1836,
   author = {Ford, James A.},
   title = {Greenhouse: A Troyville-Coles Creek Period Site in Avoyelles Parish, Louisiana},
   publisher = {American Museum of Natural History},
   address = {New York},
   series = {Volume 44: Part 1. Anthropological Papers of the American Museum of Natural History},
   url = {http://digitallibrary.amnh.org/handle/2246/225},
   year = {1951}
}

@book{RN20894,
   author = {Studer, Joseph M.},
   title = {Archaic Pebble Core Reduction Technology in East Texas: The Icy Eye Example},
   publisher = {Papers in Anthropology No. 3. Stephen F. Austin State University},
   address = {Nacogdoches, Texas},
   year = {1982}
}

@book{RN20876,
   author = {Ford, James A. and Quimby Jr., George I. and Snow, Charles E.},
   title = {The Tchefuncte Culture, An Early Occupation of the Lower Mississippi Valley},
   publisher = {Society for American Archaeology and Louisiana State University Press},
   address = {Menasha, Wisconsin},
   series = {Memoirs of the Society for American Archaeology},
   year = {1945}
}

@techreport{RN20873,
   author = {Wheat, Joe Ben},
   title = {The Addicks Dam Site: An Archeological Survey of the Addicks Dam Basin, Southeast Texas},
   institution = {River Basin Surveys Papers, No. 4: Bulletin 154. Smithsonian Institution, Bureau of American Ethnology, Washington, D. C.},
   year = {1953}
}

@article{RN20871,
   author = {Aynesworth, K. H.},
   title = {Flint Arrowhead Wounds of Bones as Shown in Skeletons in Central Texas},
   journal = {Central Texas Archeological Society},
   volume = {2},
   pages = {74-79},
   year = {1936}
}

@article{RN20872B,
   author = {Bryan, Frank},
   title = {Prelminary Report on the Archeology of Western Limestone County},
   journal = {Central Texas Archeological Society},
   volume = {2},
   pages = {81-95},
   year = {1936}
}

@article{RN5066,
   author = {Suhm, Dee Ann and Krieger, Alex D. and Jelks, Edward B.},
   title = {An Introductory Handbook of Texas Archeology},
   journal = {Bulletin of the Texas Archeological Society},
   volume = {25},
   pages = {1-562},
   year = {1954}
}

@article{RN20851,
   author = {Webb, Clarence H.},
   title = {Evidences of Pre-Pottery Cultures in Louisiana},
   journal = {American Antiquity},
   volume = {13},
   number = {3},
   pages = {227-232},
   ISSN = {0002-7316
2325-5064},
   DOI = {10.2307/275428},
   year = {1948}
}

@techreport{RN20875,
   author = {Ford, James A. and Willey, Gordon R.},
   title = {Crooks Site, A Marksville Period Burial Mound in La Salle Parish, Louisiana},
   publisher = {Anthropological Study No. 3, Department of Conservation, Louisiana Geological Survey},
   address = {New Orleans},
   series = {Anthropological Study, Department of Conservation, Louisiana Geological Survey},
   year = {1940}
}

@article{RN20852,
   author = {Patterson, Leland W.},
   title = {Manufacturing Variation of Gary and Kent Dart Points},
   journal = {Journal of the Houston Archeological Society},
   volume = {114},
   pages = {15-19},
   year = {1996}
}

@book{RN800,
   author = {Newell, H. Perry and Krieger, Alex D.},
   title = {{The George C. Davis Site, Cherokee County, Texas}},
   publisher = {Memoir No. 5. Society for American Archaeology},
   address = {Menasha, Wisconsin},
   year = {1949}
}

@book{RN871,
   author = {Turner, Ellen Sue and Hester, Thomas R. and McReynolds, Richard L.},
   title = {Stone Artifacts of Texas Indians},
   publisher = {Third Edition. Taylor Trade Publishing},
   address = {Lanham, Maryland},
   year = {2011}
}

@techreport{RN20913,
   author = {Ensor, H. Blaine and Carlson, David L.},
   title = {Alabonson Road: Early Ceramic Period Adaptation to the Inland Coastal Prairie Zone, Harris County, Southeast Texas},
   institution = {Reports of Investigations 8. Archeological Research Laboratory, Texas A&M University, College Station},
   year = {1991}
}

@techreport{RN20895,
   author = {Lewis, Thomas N. M. and Kneberg, Madeline D.},
   title = {The Archaic Horizon in Western Tennessee. Division of University Extension},
   institution = {Tennessee Anthropology Papers, No. 2. University of Tennessee, Knoxville},
   year = {1947}
}

@book{RN2518,
   author = {Krieger, Alex D.},
   title = {Culture Complexes and Chronology in Northern Texas, with Extensions of Puebloan Datings to the Mississippi Valley},
   publisher = {Publication No. 4640, The University of Texas},
   address = {Austin},
   year = {1946}
}

@techreport{RN11562,
   author = {Webb, William S. and DeJarnette, David L.},
   title = {An Archaeological Survey of Pickwick Basin in the Adjacent Portions of the States of Alabama, Mississippi, and Tennessee},
   institution = {Bulletin 129, Smithsonian Institution, Bureau of American Ethnology, Washington, D. C.},
   year = {1942}
}

@article{RN2403,
   author = {Johnson, L.eRoy.},
   title = {The Yarbrough and Miller Sites of Northeastern Texas, with a Preliminary Definition of the LaHarpe Aspect},
   journal = {Bulletin of the Texas Archeological Society},
   volume = {32},
   pages = {141-284},
   year = {1961}
}

@article{RN1085,
   author = {Bell, Robert E. and Baerreis, David A.},
   title = {A Survey of Oklahoma Archaeology},
   journal = {Bulletin of the Texas Archeological and Paleontological Society},
   volume = {22},
   pages = {7-100},
   year = {1951}
}

@phdthesis{RN3682,
   author = {Shafer, Harry J.},
   title = {Lithic Technology at the George C. Davis Site, Cherokee County, Texas},
   university = {Department of Anthropology, The University of Texas at Austin},
   year = {1973}
}

@inbook{RN20915,
   author = {Gray, Charles T. and Marwick, Ben},
   title = {Truth, Proof, and Reproducibility: There's No Counter-Attack for the Codeless},
   booktitle = {Statistics and Data Science},
   series = {Communications in Computer and Information Science},
   chapter = {Chapter 8},
   pages = {111-129},
   ISBN = {978-981-15-1959-8
978-981-15-1960-4},
   DOI = {10.1007/978-981-15-1960-4_8},
   year = {2019},
   type = {Book Section}
}

@article{RN20916,
   author = {Peng, Roger D.},
   title = {Reproducible Research in Computational Science},
   journal = {Science},
   volume = {334},
   number = {6060},
   pages = {1226-7},
   ISSN = {1095-9203 (Electronic)
0036-8075 (Linking)},
   DOI = {10.1126/science.1213847},
   url = {https://www.ncbi.nlm.nih.gov/pubmed/22144613},
   year = {2011},
   type = {Journal Article}
}

@book{RN20917,
   author = {Gandrud, Christopher},
   title = {Reproducible Research with R and RStudio},
   publisher = {CRC Press},
   address = {London},
   series = {The R Series},
   year = {2014},
   type = {Book}
}

@article{RN20918,
   author = {Leek, Jeffrey T. and Peng, Roger D.},
   title = {Opinion: Reproducible Research can still be Wrong: Adopting a Prevention Approach},
   journal = {Proc Natl Acad Sci U S A},
   volume = {112},
   number = {6},
   pages = {1645-6},
   ISSN = {1091-6490 (Electronic)
0027-8424 (Linking)},
   DOI = {10.1073/pnas.1421412111},
   url = {https://www.ncbi.nlm.nih.gov/pubmed/25670866},
   year = {2015},
   type = {Journal Article}
}

@book{RN20847,
   author = {O'Brien, Michael J. and Lyman, R. Lee},
   title = {Seriation, Stratigraphy, and Index Fossils: The Backbone of Archaeological Dating},
   publisher = {Kluwer Academic/Plenum Publishers},
   address = {New York},
   year = {1999},
   type = {Book}
}

@article{RN20919,
   author = {Whittaker, John C. and Caulkins, Douglas and Kamp, Kathryn A.},
   title = {Evaluating Consistency in Typology and Classification},
   journal = {Journal of Archaeological Method and Theory},
   volume = {5},
   number = {2},
   pages = {129-164},
   ISSN = {1072-5369
1573-7764},
   DOI = {10.1007/bf02427967},
   year = {1998},
   type = {Journal Article}
}

@book{RN20920,
   author = {Schiffer, Michael B.},
   title = {Behavioral Archaeology: Principles and Practice},
   publisher = {Routledge},
   address = {London},
   year = {1976},
   type = {Book}
}

@article{RN20921,
   author = {Fish, Paul R.},
   title = {Consistency in Archaeological Measurement and Classification: A Pilot Study},
   journal = {American Antiquity},
   volume = {43},
   number = {1},
   pages = {86-89},
   ISSN = {0002-7316
2325-5064},
   DOI = {10.2307/279635},
   year = {1978},
   type = {Journal Article}
}

@article{RN20922,
   author = {Fish, Paul R.},
   title = {Replication Studies in Ceramic Classification},
   journal = {Pottery Southwest},
   volume = {3},
   number = {4},
   pages = {4-6},
   year = {1976},
   type = {Journal Article}
}

@incollection{RN4315,
   author = {Goodyear, Albert C.},
   title = {{A Hypothesis on the Use of Cryptocrystalline Raw Materials among Paleoindian Groups of North America}},
   booktitle = {Eastern Paleoindian Lithic Resource Use},
   editor = {Ellis, C. and Lothrop, J.},
   publisher = {Westview},
   address = {Boulder},
   pages = {1-9},
   year = {1989},
   type = {Book Section}
}

@article{RN11097,
   author = {Selden, Robert Z.},
   title = {{Morphologically Similar, but Regionally Distinct: Perdiz Arrow Points from Caddo Burial Contexts in the American Southeast}},
   journal = {Lithic Technology},
   volume = {(in press)},
   keywords = {computational archaeology; archaeoinformatics; geometric morphometrics; morphological disparity; phenotypic trajectory analysis; museum studies; digital humanities; STEM; STEAM},
   DOI = {10.1080/01977261.2022.2095492},
   url = {https://doi.org/10.1080/01977261.2022.2095492},
   year = {2022},
   type = {Journal Article}
}

@article{RN5779,
   author = {Arnold III, Philip J.},
   title = {{Dimensional Standardization and Production Scale in Mesoamerican Ceramics}},
   journal = {Latin American Antiquity},
   volume = {2},
   number = {4},
   pages = {363-370},
   ISSN = {1045-6635
2325-5080},
   DOI = {10.2307/971784},
   url = {https://www.cambridge.org/core/journals/latin-american-antiquity/article/dimensional-standardization-and-production-scale-in-mesoamerican-ceramics/FB4BA60424201F66ABDFDB5F62617728},
   year = {1991},
   type = {Journal Article}
}

@article{RN9712,
   author = {Chase, Philip G},
   title = {{Symbols and Paleolithic artifacts: Style, standardization, and the imposition of arbitrary form}},
   journal = {Journal of Anthropological Archaeology},
   volume = {10},
   number = {3},
   pages = {193-214},
   ISSN = {0278-4165},
   year = {1991},
   type = {Journal Article}
}

@inbook{RN7051,
   author = {Costin, Cathy L.},
   title = {Craft Production},
   booktitle = {Handbook of Archaeological Methods},
   editor = {Maschner, Jerbert D. G.},
   publisher = {AltaMira},
   address = {Walnut Creek},
   pages = {1034-1107},
   year = {2005},
   type = {Book Section}
}

@article{RN7137,
   author = {Sinopoli, Carla M.},
   title = {{The Organization of Craft Production at Vijayanagara, South India}},
   journal = {American Anthropologist},
   volume = {90},
   number = {3},
   pages = {580-597},
   DOI = {https://doi.org/10.1525/aa.1988.90.3.02a00040},
   year = {1988},
   type = {Journal Article}
}

@inbook{RN7019,
   author = {Costin, Cathy L.},
   title = {{Craft Specialization: Issues in Defining, Documenting, and Explaining the Organization of Production}},
   booktitle = {Archaeological Method and Theory Vol. 3},
   editor = {Schiffer, M. B.},
   publisher = {University of Arizona Press},
   address = {Tucson},
   pages = {1-56},
   year = {1991},
   type = {Book Section}
}

@book{RN8576,
   author = {Jolliffe, Ian T.},
   title = {Principal Component Analysis},
   publisher = {Springer},
   address = {New York},
   year = {2002},
   type = {Book}
}

@article{RN9617,
   author = {Pyrko, Igor and DÃ¶rfler, Viktor and Eden, Colin},
   title = {Communities of practice in landscapes of practice},
   journal = {Management Learning},
   volume = {50},
   number = {4},
   pages = {482-499},
   DOI = {https://doi.org/10.1177\%2F1350507619860854},
   year = {2019},
   type = {Journal Article}
}

@book{RN11532,
   author = {Thompson, D'Arcy W.},
   title = {On Growth and Form},
   publisher = {Cambridge University Press},
   address = {Cambridge},
   year = {1917},
   type = {Book}
}

@article{RN8061,
   author = {Eckert, Suzanne L. and Schleher, Kari L. and James, William D.},
   title = {{Communities of Identity, Communities of Practice: Understanding Santa Fe Black-on-White Pottery in the Espanola Basin of New Mexico}},
   journal = {Journal of Archaeological Science},
   volume = {63},
   pages = {1-12},
   ISSN = {03054403},
   DOI = {10.1016/j.jas.2015.07.001},
   url = {https://www.sciencedirect.com/science/article/pii/S030544031500223X?via%3Dihub},
   year = {2015},
   type = {Journal Article}
}

@article{RN6451,
   author = {Mills, Barbara J.},
   title = {{Gender and the Reorganization of Historic Zuni Craft Production: Implications for Archaeological Interpretation}},
   journal = {Journal of Anthropological Research},
   volume = {51},
   number = {2},
   pages = {149-172},
   year = {1995},
   type = {Journal Article}
}

@inbook{RN5610,
   author = {Stark, Miriam T.},
   title = {{Glaze Ware Technology, the Social Lives of Pots, and Communities of Practice in the Late Prehistoric Southwest}},
   booktitle = {The Social Lives of Pots: Glaze Wares and Cultural Dynamics in the Southwest, AD 1250-1680},
   editor = {Habicht-Mauche, Judith A. and Eckert, Suzanne L. and Huntley, Deborah L.},
   publisher = {University of Arizona Press},
   address = {Tucson},
   pages = {17-33},
   year = {2006},
   type = {Book Section}
}

@report{RN9357x,
   author = {Cassaway, Lillian},
   title = {{Indian-Pioneer History Project for Oklahoma: Sadie Bedoka}},
   institution = {Works Progress Administration},
   year = {1937},
   type = {Report}
}

@article{RN9364,
   author = {Selden Jr, Robert Z. and Dockall, John E. and Bousman, C. Britt and Perttula, Timothy K.},
   title = {{Shape as a function of timeÂ +Â raw materialÂ +Â burial context? An exploratory analysis of Perdiz arrow points from the ancestral Caddo area of the American Southeast}},
   journal = {Journal of Archaeological Science: Reports},
   volume = {37},
   ISSN = {2352409X},
   DOI = {10.1016/j.jasrep.2021.102916},
   year = {2021},
   type = {Journal Article}
}

@techreport{RN9009,
   author = {Brown, Kenneth M. and Potter, Daniel R. and Hall, Grant D. and Black, Stephen L.},
   title = {Excavations at 41LK67. A Prehistoric Site in the Choke Canyon Reservoir, South Texas.},
   institution = {Center for Archaeological Research, The University of Texas at San Antonio, Choke Canyon Series 7},
   DOI = {https://doi.org/10.21112/ita.1982.1.4},
   url = {https://scholarworks.sfasu.edu/ita/vol1982/iss1/4/},
   year = {1982},
   type = {Report}
}

@article{RN9011,
   author = {Carpenter, Stephen M.},
   title = {{Mesoamerican-Mississippian interaction across the far Southern Plains by long-range Toyah intermediaries}},
   journal = {Plains Anthropologist},
   volume = {65},
   number = {256},
   pages = {325-356},
   ISSN = {0032-0447
2052-546X},
   DOI = {10.1080/00320447.2020.1779910},
   year = {2020},
   type = {Journal Article}
}

@article{RN9010,
   author = {Prewitt, Elton R.},
   title = {{Distributions of Typed Projectile Points in Texas}},
   journal = {Bulletin of the Texas Archeological Society},
   volume = {66},
   pages = {83-174},
   year = {1995},
   type = {Journal Article}
}

@techreport{RN8996,
   author = {Dockall, John E. and Fields, Ross C.},
   title = {National Register Testing of Three Sites in the Sabine Mineâ€™s South Hallsville No. 1 Mine-Rusk Permit, Rusk County, Texas},
   institution = {of Investigations No. 162, Prewitt and Associates, Inc., Austin, Texas},
   year = {2011}
}

@article{RN9724,
   author = {Ricklis, Robert A.},
   title = {{The Spread of a Late Prehistoric Bison Hunting Complex: Evidence from the South-Central Coastal Prairie of Texas}},
   journal = {Plains Anthropologist},
   volume = {37},
   number = {140},
   pages = {261-273},
   ISSN = {0032-0447
2052-546X},
   DOI = {10.1080/2052546.1992.11909654},
   year = {2017},
   type = {Journal Article}
}

@article{RN9716,
   author = {Arnn III, John Wesley},
   title = {{Chronology, Technology, and Subsistence: Is That All There Is?}},
   journal = {Council of Texas Archeologists Newsletter},
   volume = {29},
   number = {2},
   pages = {17-28},
   year = {2005},
   type = {Journal Article}
}

@phdthesis{RN5784,
   author = {Arnn III, John Wesley},
   title = {Transformation and Persistence of Indigenous Cultural Identity During the Early Colonial and Late Prehistoric Periods in Texas},
   university = {University of Kentucky},
   year = {2007},
   type = {Thesis}
}

@book{RN9717,
   author = {Arnn III, John Wesley},
   title = {Land of the Tejas: Native American Identity and Interaction in Texas, A.D. 1300 - 1700},
   publisher = {The University of Texas Press},
   address = {Austin},
   year = {2012},
   type = {Book}
}

@techreport{RN8998,
   author = {Ensor, H. Blaine and Dockall, John E. and Winchell, Frank},
   title = {National Register Eligibility testing and Assessment at the Al Soloman I and Al Soloman II Sites, Cypress Creek, Harris County, Texas},
   institution = {of Investigations No. 12, Archeological Research Laboratory, Texas A\&M University},
   year = {1991}
}

@techreport{RN8995,
   author = {Dockall, John E. and Katauskas, Stephanie L. and Fields, Ross C.},
   title = {National Register Testing of Four Sites in the Sabine Mineâ€™s Area M, Harrison County, Texas},
   institution = {of Investigations, Number 157. Prewitt and Associates, Inc., Austin, Texas},
   year = {2008}
}

@article{RN9725,
   author = {Clark, John E},
   title = {{From mountains to molehills: A critical review of Teotihuacan's obsidian industry}},
   journal = {Research in economic anthropology, supplement},
   volume = {2},
   number = {1986},
   pages = {23-74},
   year = {1986},
   type = {Journal Article}
}

@incollection{RN8997,
   author = {Dockall, John E. and Fields, Ross C.},
   title = {{Lithic Artifacts}},
   booktitle = {Archaeology of the Nadaco Caddo: The View from the Pine Tree Mound Site (41HS15) Harrison County, Texas},
   editor = {Fields, Ross C. and Gadus, Eloise F.},
   publisher = {Reports of Investigations No. 164. Prewitt and Associates, Inc.},
   address = {Austin, Texas},
   pages = {553-606},
   year = {2012},
   type = {Book Section}
}

@techreport{RN8990,
   author = {Ahler, Stanley A.},
   title = {Projectile Point Form and Function at Rogers Rockshelter, Missouri},
   institution = {Research Series No. 8. Missouri Archaeological Society. Columbia},
   year = {1971}
}

@article{RN8991,
   author = {Andrefsky Jr., William},
   title = {{Thoughts on Stone Tool Shape and Inferred Function}},
   journal = {Journal of Middle Atlantic Archaeology},
   volume = {13},
   pages = {125-145},
   url = {http://hdl.handle.net/2376/5974},
   year = {1997},
   type = {Journal Article}
}

@article{RN8987,
   author = {Haberman, Shelby J.},
   title = {{The Analysis of Residuals in Cross-Classified Tables}},
   journal = {Biometrics},
   volume = {29},
   number = {1},
   ISSN = {0006341X},
   DOI = {https://doi.org/10.2307/2529686},
   year = {1973},
   type = {Journal Article}
}

@article{RN2375,
   author = {Perttula, Timothy K. and Thacker, Mark},
   title = {{Additional Collections of Woodland to Caddo Period Artifacts from the Alligator Pond Site (41SM442), Smith County, Texas}},
   journal = {Journal of Northeast Texas Archaeology},
   volume = {46},
   pages = {1-5},
   DOI = {https://doi.org/10.21112/.ita.2014.1.44},
   url = {https://scholarworks.sfasu.edu/ita/vol2014/iss1/44/},
   year = {2014},
   type = {Journal Article}
}

@article{RN2374,
   author = {Perttula, Timothy K. and Thacker, Mark},
   title = {Analysis of New Artifact Collections from Archaic to Ancestral Caddo Sites in the Saline Creek Basin in Northern Smith County, Texas},
   journal = {Journal of Northeast Texas Archaeology},
   volume = {43},
   pages = {1-25},
   DOI = {https://doi.org/10.21112/.ita.2014.1.64},
   url = {https://scholarworks.sfasu.edu/ita/vol2014/iss1/64/},
   year = {2014},
   type = {Journal Article}
}

@article{RN6494,
   author = {Monnier, Gilliane},
   title = {Testing Retouched Flake Tool Standardization During the Middle Paleolithic: Patterns and Implications},
   journal = {Transitions Before the Transition: Evolution and Stability in the Middle Stone Age},
   pages = {57-83},
   year = {2006},
   type = {Journal Article}
}

@article{RN9714,
   author = {Nowell, April},
   title = {Coincidental factors of handaxe morphology},
   journal = {Behavioral and Brain Sciences},
   volume = {25},
   number = {3},
   pages = {413-414},
   ISSN = {1469-1825},
   year = {2002},
   type = {Journal Article}
}

@book{RN9715,
   author = {Keller, Charles M and Keller, Janet Dixon},
   title = {Cognition and tool use: The blacksmith at work},
   publisher = {Cambridge University Press},
   ISBN = {0521552397},
   year = {1996},
   type = {Book}
}

@techreport{RN8924,
   author = {Luedtke, Barbara E.},
   title = {An Archaeologist's Guide to Chert and Flint},
   institution = {Institute of Archaeology, University of California, Los Angeles},
   year = {1992},
   type = {Report}
}

@article{RN8973,
   author = {Olsen, Aaron M. and Westneat, Mark W.},
   title = {StereoMorph: An R package for the collection of 3D landmarks and curves using a stereo camera set-up},
   journal = {Methods in Ecology and Evolution},
   volume = {6},
   number = {3},
   pages = {351-356},
   ISSN = {2041-210X
2041-210X},
   DOI = {10.1111/2041-210x.12326},
   year = {2015},
   type = {Journal Article}
}

@article{RN9713,
   author = {Dibble, Harold L},
   title = {The implications of stone tool types for the presence of language during the Lower and Middle Palaeolithic},
   journal = {The human revolution: behavioural and biological perspectives on the origins of modern humans},
   volume = {1},
   pages = {415-31},
   year = {1989},
   type = {Journal Article}
}

@article{RN5907,
   author = {Brantingham, P. Jeffrey and Olsen, John W. and Rech, Jason A. and Krivoshapkin, Andrei I.},
   title = {{Raw Material Quality and Prepared Core Technologies in Northeast Asia}},
   journal = {Journal of Archaeological Science},
   volume = {27},
   number = {3},
   pages = {255-271},
   ISSN = {03054403},
   DOI = {10.1006/jasc.1999.0456},
   year = {2000},
   type = {Journal Article}
}

@book{RN439,
   author = {Banks, Larry D.},
   title = {From Mountain Peaks to Alligator Stomachs: A Review of Lithic Sources in the Trans-Mississippi South, The Southern Plains},
   publisher = {Oklahoma Anthropological Society},
   address = {Norman},
   series = {Memoir No. 4},
   year = {1990},
   type = {Book}
}

@techreport{RN846,
   author = {Cliff, M. B. and Green, M. and Hunt, S. and Shanabrook, D. and Peter, D.},
   title = {Excavations in Area C of the Unionville Site (41CS151), White Oak Creek Mitigation Area (WOCMA), Cass County, Texas},
   institution = {White Oak Creek Mitigation Area Archeological Technical Series, Report of Investigations No. 4, Geo-Marine, Inc., Plano},
   year = {1996},
   type = {Report}
}

@incollection{RN1253,
   author = {Girard, Jeffrey S.},
   title = {{The Chipped Stone Collection: Technological, Functional, and Typological Analyses}},
   booktitle = {The Deshazo Site, Nacogdoches County, Texas, Volume 2: Artifacts of Native Manufacture},
   editor = {Story, Dee Ann},
   publisher = {Studies in Archeology 21, Texas Archeological Research Laboratory, The University of Texas},
   address = {Austin},
   pages = {33-156},
   year = {1995},
   type = {Book Section}
}

@techreport{RN1898,
   author = {Malone, J. M.},
   title = {Archaeological Reconnaissance at Proposed Mineola Reservoir},
   institution = {Texas Historical Survey Committee},
   number = {Archeological Survey Report No. 10,},
   year = {1972},
   type = {Report}
}

@article{RN8051,
   author = {Blondel, Vincent D. and Guillaume, Jean-Loup and Lambiotte, Renaud and Lefebvre, Etienne},
   title = {{Fast Unfolding of Communities in Large Networks}},
   journal = {Journal of Statistical Mechanics: Theory and Experiment},
   volume = {2008},
   number = {10},
   pages = {P10008},
   ISSN = {1742-5468},
   DOI = {10.1088/1742-5468/2008/10/p10008},
   url = {<Go to ISI>://WOS:000260529900010
https://iopscience.iop.org/article/10.1088/1742-5468/2008/10/P10008},
   year = {2008},
   type = {Journal Article}
}

@article{RN6910,
   author = {Vehik, Susan C.},
   title = {{Conflict, Trade, and Political Development on the Southern Plains}},
   journal = {American Antiquity},
   volume = {67},
   number = {1},
   pages = {37-64},
   ISSN = {0002-7316
2325-5064},
   DOI = {10.2307/2694876},
   year = {2002},
   type = {Journal Article}
}

@article{RN9002,
   author = {Carpenter, Stephen M.},
   title = {{The Toyah Complex of South and Central Texas: Long-Range Mobility and the Emergence of Dual Economies}},
   journal = {Plains Anthropologist},
   volume = {62},
   number = {242},
   pages = {133-156},
   ISSN = {0032-0447
2052-546X},
   DOI = {10.1080/00320447.2016.1258858},
   year = {2017},
   type = {Journal Article}
}

@article{RN9721,
   author = {Prewitt, Elton R.},
   title = {{Culture Chronology in Texas}},
   journal = {Bulletin of the Texas Archeological Society},
   volume = {52},
   pages = {65-89},
   year = {1981},
   type = {Journal Article}
}

@article{RN6046,
   author = {Creel, Darrell},
   title = {{Bison Hides in Late Prehistoric Exchange in the Southern Plains}},
   journal = {American Antiquity},
   volume = {56},
   number = {1},
   pages = {40-49},
   ISSN = {0002-7316
2325-5064},
   DOI = {10.2307/280971},
   year = {1991},
   type = {Journal Article}
}

@article{RN8486,
   author = {Shafer, Harry J.},
   title = {{Lithic Reduction Strategies at the George C. Davis Site}},
   journal = {Louisiana Archaeology},
   volume = {1},
   pages = {66-74},
   url = {https://docs.wixstatic.com/ugd/fefb33_71a3f0c39e5d47a2b55af09847e6d821.pdf},
   year = {1974},
   type = {Journal Article}
}

@techreport{RN9008,
   author = {Black, S. L.},
   title = {The Clemente and Herminia Hinojosa Site, 41JW8: A Toyah Horizon Campsite in Southern Texas},
   institution = {No. 18, Center for Archaeological Research, The University of Texas at San Antonio},
   DOI = {https://doi.org/10.21112/ita.1986.1.36},
   url = {https://scholarworks.sfasu.edu/ita/vol1986/iss1/36/},
   year = {1986},
   type = {Report}
}

@book{RN9727,
   author = {Hodder, Ian and Renfrew, Colin},
   title = {Symbols in action: ethnoarchaeological studies of material culture},
   publisher = {Cambridge University Press},
   ISBN = {0521241766},
   year = {1982},
   type = {Book}
}

@article{RN9726,
   author = {Hardin, Margaret A},
   title = {The cognitive basis of productivity in a decorative art style: implications of an ethnographic study for archaeologists' taxonomies},
   journal = {Ethnoarchaeology: Implications of ethnography for archaeology},
   pages = {75-101},
   year = {1979},
   type = {Journal Article}
}

@article{RN9722,
   author = {Prewitt, Elton R.},
   title = {{From Circleville to Toyah: Comments on Central Texas Chronology}},
   journal = {Bulletin of the Texas Archeological Society},
   volume = {54},
   pages = {201-238},
   year = {1985},
   type = {Journal Article}
}

@article{RN8555,
   author = {Klingenberg, Christian Peter},
   title = {{Visualizations in Geometric Morphometrics: How to Read and How to Make Graphs Showing Shape Changes}},
   journal = {Hystrix},
   volume = {24},
   pages = {15-24},
   year = {2013},
   type = {Journal Article}
}

@article{RN8553,
   author = {Sherratt, Emma and Gower, David J. and Klingenberg, Christian P. and Wilkinson, Mark},
   title = {{Evolution of Cranial Shape in Caecilians (Amphibia: Gymnophiona)}},
   journal = {Evolutionary Biology},
   volume = {41},
   pages = {528-545},
   DOI = {https://doi.org/10.1007/s11692-014-9287-2},
   url = {https://link.springer.com/article/10.1007%2Fs11692-014-9287-2},
   year = {2014},
   type = {Journal Article}
}

@article{RN9719,
   author = {Kelley, J. Charles},
   title = {{The cultural affiliations and chronological position of the Clear Fork focus}},
   journal = {American Antiquity},
   volume = {13},
   number = {2},
   pages = {97-109},
   ISSN = {0002-7316},
   year = {1947},
   type = {Journal Article}
}

@inbook{RN9001,
   author = {Kibler, Karl W.},
   title = {{The Role of Exotic Materials in Toyah Assemblages in a Late Prehistoric Economic and Social System}},
   booktitle = {The Toyah Phase of Central Texas: Late Prehistoric Economic and Social Processes},
   editor = {Kenmotsu, Nancy A. and Boyd, Douglas K.},
   publisher = {Texas A\&M University Press},
   address = {College Station, Texas},
   pages = {76-89},
   year = {2012},
   type = {Book Section}
}

@inbook{RN9000,
   author = {Ricklis, Robert A.},
   title = {{Toyah Components: Evidence for Occupation in the Project Area during the Latter Part of the Late Prehistoric Period}},
   booktitle = {Archaic and Late Prehistoric Human Ecology in the Middle Onion Creek Valley, Hays County, Texas},
   editor = {Ricklis, Robert A. and Collins, Michael B.},
   publisher = {Studies in Archeology 19. Vol. 1, Texas Archeological Research Laboratory, University of Texas},
   address = {Austin, Texas},
   pages = {207-316},
   year = {1994},
   type = {Book Section}
}

@techreport{RN9361,
   author = {Johnson, LeRoy},
   title = {{The Life and Times of Toyah-Culture Folk: The Buckhollow Encampment Site 41KM16, Kimble County, Texas}},
   institution = {Texas Department of Transportation and Office of the State Archeologist Report 38. Austin, Texas},
   year = {1994},
   type = {Report}
}

@inbook{RN9718,
   author = {Arnn III, John Wesley},
   title = {{Defining Hunter-Gatherer Sociocultural Identity and Interaction at a Regional Scale}},
   booktitle = {The Toyah Phase of Central Texas: Late Prehistoric Economic and Social Processes},
   editor = {Kenmotsu, Nancy A. and Boyd, Douglas K.},
   publisher = {Texas A\&M University Press},
   address = {College Station},
   pages = {44-75},
   year = {2012},
   type = {Book Section}
}

@techreport{RN8999,
   author = {Dockall, John E. and Fields, Ross C. and Kibler, Karl W. and Broehm, Cory J. and Budd, Jon and Gadus, Eloise F. and Gardner, Karen M.},
   title = {{Testing and Data Recovery Excavations at the Jayroe Site (41HM51), Hamilton County, Texas (Waco District, CSJ No. 0909-29-030 (Part I))}},
   institution = {Reports of Investigations No. 187. Prewitt and Associates, Inc., Austin Texas. Archeological Studies Program, Report No. 184. Texas Department of Transportation, Environmental Affairs Division, Archeological Studies Branch, Austin Texas},
   year = {2020}
}

@article{RN8024,
   author = {Lambiotte, Renaud and Delvenne, Jean-Charles and Barahona, Mauricio},
   title = {{Random Walks, Markov Processes and the Multiscale Modular Organization of Complex Networks}},
   journal = {IEEE Transactions on Network Science and Engineering},
   volume = {1},
   number = {2},
   pages = {76-90},
   ISSN = {2327-4697},
   DOI = {10.1109/tnse.2015.2391998},
   url = {https://ieeexplore.ieee.org/document/7010026/},
   year = {2014},
   type = {Journal Article}
}

@incollection{RN2145,
   author = {Perttula, Timothy K.},
   title = {{Patterns of Prehistoric Lithic Raw Material Utilization in the Caddoan Area: Western Gulf Coastal Plain}},
   booktitle = {Prehistoric Chert Exploitation: Studies from the Mid-Continent},
   editor = {May, B. M. and Butler, E. E.},
   publisher = {Occasional Paper 2. Center for Archaeological Investigations, Southern Illinois University, Carbondale},
   pages = {pp. 129-148},
   year = {1984},
   type = {Book Section}
}

@article{RN5769,
   author = {Suhm, Dee Ann and Krieger, Alex D. and Jelks, Edward B.},
   title = {{An Introductory Handbook of Texas Archeology}},
   journal = {Bulletin of the Texas Archeological Society},
   volume = {25},
   pages = {1-562},
   year = {1954},
   type = {Journal Article}
}

@article{RN7129,
   author = {Perttula, Timothy K.},
   title = {{Diversity in Ancestral Caddo Vessel Forms in East Texas Archaeological Sites}},
   journal = {Journal of Northeast Texas Archaeology},
   volume = {56},
   pages = {1-19},
   year = {2015},
   type = {Journal Article}
}

@book{RN5650,
   author = {Krieger, Alex D.},
   title = {Culture Complexes and Chronology in Northern Texas, with Extensions of Puebloan Datings to the Mississippi Valley},
   publisher = {The University of Texas},
   address = {Austin},
   volume = {Publication No. 4640},
   year = {1946},
   type = {Book}
}

@article{RN9723,
   author = {Collins, Michael B.},
   title = {{Forty Years of Archaeology in Central Texas}},
   journal = {Bulletin of the Texas Archeological Society},
   volume = {66},
   pages = {361-400},
   year = {1995},
   type = {Journal Article}
}

@incollection{RN5880,
   author = {Binford, Lewis R.},
   title = {{Interassemblage variability - the Mousterian and the 'functional' argument}},
   booktitle = {The Explanation of Culture Change: Models in Prehistory},
   editor = {Renfrew, Colin},
   publisher = {University of Pittsburgh Press},
   address = {Pittsburgh},
   pages = {227-254},
   year = {1973},
   type = {Book Section}
}

@book{RN7795,
   author = {Suhm, Dee Ann and Jelks, Edward B.},
   title = {{Handbook of Texas Archeology: Type Descriptions}},
   publisher = {Special Publication No. 1. Texas Archeological Society and Bulletin No. 4, Texas Memorial Museum},
   address = {Austin},
   year = {1962},
   type = {Book}
}

@article{RN10875,
   author = {Revell, L. J.},
   title = {Size-correction and principal components for interspecific comparative studies},
   journal = {Evolution},
   volume = {63},
   number = {12},
   pages = {3258-68},
   ISSN = {1558-5646 (Electronic)
0014-3820 (Linking)},
   DOI = {10.1111/j.1558-5646.2009.00804.x},
   url = {https://www.ncbi.nlm.nih.gov/pubmed/19663993},
   year = {2009},
   type = {Journal Article}
}

@article{RN5873,
   author = {Bleed, Peter},
   title = {{The Optimal Design of Hunting Weapons: Maintainability or Reliability}},
   journal = {American Antiquity},
   volume = {51},
   number = {4},
   pages = {737-747},
   DOI = {10.2307/280862},
   year = {1986},
   type = {Journal Article}
}

@incollection{RN6170,
   author = {Flenniken, J. Jeffrey},
   title = {{Stone Tool Reduction Techniques as Cultural Markers}},
   booktitle = {Stone Tool Analysis: Essays in Honor of Don E. Crabtree},
   editor = {Plew, Mark G. and Woods, James C. and Pavesic, Max G.},
   publisher = {University of New Mexico Press},
   address = {Albuquerque},
   pages = {265-276},
   year = {1985},
   type = {Book Section}
}

@article{RN7045,
   author = {Flenniken, J. Jeffrey and Raymond, Anan W. },
   title = {{Morphological Projectile Point Typology: Replication Experimentation and Technological Analysis}},
   journal = {American Antiquity},
   volume = {51},
   number = {3},
   pages = {603-614},
   DOI = {10.2307/281755},
   year = {1986},
   type = {Journal Article}
}

@article{RN5789,
   author = {Ahler, Stanley A. and Geib, Phil R.},
   title = {{Why Flute? Folsom Point Design and Adaptation}},
   journal = {Journal of Archaeological Science},
   volume = {27},
   number = {9},
   pages = {799-820},
   ISSN = {03054403},
   DOI = {10.1006/jasc.1999.0503},
   year = {2000},
   type = {Journal Article}
}

@inbook{RN8102,
   author = {Kendall, David G.},
   title = {{The Statistics of Shape}},
   booktitle = {Interpreting Multivariate Data},
   editor = {Barnett, Vic},
   publisher = {Wiley},
   address = {New York},
   pages = {75-80},
   year = {1981},
   type = {Book Section}
}

@article{RN8587,
   author = {Kendall, David G.},
   title = {Shape Manifolds, Procrustean Metrics, and Complex Projective Spaces},
   journal = {Bulletin of the London Mathematical Society},
   volume = {16},
   number = {2},
   pages = {81-121},
   ISSN = {00246093},
   DOI = {10.1112/blms/16.2.81},
   url = {http://onlinelibrary.wiley.com/doi/10.1112/blms/16.2.81/abstract
https://londmathsoc.onlinelibrary.wiley.com/doi/abs/10.1112/blms/16.2.81},
   year = {1984},
   type = {Journal Article}
}

@article{RN8511,
   author = {Rohlf, F. James},
   title = {{Shape Statistics: Procrustes Superimpositions and Tangent Spaces}},
   journal = {Journal of Classification},
   volume = {16},
   number = {2},
   pages = {197-223},
   ISSN = {0176-4268
1432-1343},
   DOI = {10.1007/s003579900054},
   url = {https://link.springer.com/article/10.1007%2Fs003579900054},
   year = {1999},
   type = {Journal Article}
}

@article{RN9720,
   author = {Kelley, J. Charles},
   title = {{The Lehmann Rock Shelter: A Stratified Site of the Toyah, Uvalde, and Round Rock Foci}},
   journal = {Bulletin of the Texas Archeological and Paleontological Society},
   volume = {18},
   pages = {115-128},
   year = {1947},
   type = {Journal Article}
}

@article{RN8384,
   author = {Slice, Dennis E.},
   title = {{Landmark Coordinates Aligned by Procrustes Analysis Do Not Lie in Kendall's Shape Space}},
   journal = {Systematic Biology},
   volume = {50},
   number = {1},
   pages = {141-149},
   ISSN = {1076-836X
1063-5157},
   DOI = {10.1080/10635150119110},
   year = {2001},
   type = {Journal Article}
}

@article{RN8525,
   author = {Rohlf, F. James and Slice, Dennis E.},
   title = {{Extensions of the Procrustes Method for the Optimal Superimposition of Landmarks}},
   journal = {Systematic Zoology},
   volume = {39},
   number = {1},
   pages = {40-59},
   ISSN = {00397989},
   DOI = {10.2307/2992207},
   url = {https://academic.oup.com/sysbio/article-abstract/39/1/40/1629843?redirectedFrom=fulltext},
   year = {1990},
   type = {Journal Article}
}

@article{RN6171,
   author = {Flenniken, J. Jeffrey and Garrison, Ervan G. },
   title = {{Thermally Altered Novaculite and Stone Tool Manufacturing Techniques}},
   journal = {Journal of Field Archaeology},
   volume = {2},
   number = {1/2},
   pages = {125-131},
   DOI = {10.1179/009346975791491303},
   year = {1975},
   type = {Journal Article}
}

@article{RN5900,
   author = {Bleed, Peter and Meier, Marlene},
   title = {{An Objective Test of the Effects of Heat Treatment of Flakeable Stone}},
   journal = {American Antiquity},
   volume = {45},
   number = {3},
   pages = {502-507},
   DOI = {10.2307/279865},
   year = {1980},
   type = {Journal Article}
}

@article{RN8970,
   author = {Domanski, Marian and Webb, John A.},
   title = {{A Review of Heat Treatment Research}},
   journal = {Lithic Technology},
   volume = {32},
   number = {2},
   pages = {153-194},
   DOI = {10.1080/01977261.2007.11721052},
   url = {https://www.tandfonline.com/doi/abs/10.1080/01977261.2007.11721052},
   year = {2007},
   type = {Journal Article}
}

@article{RN6201,
   author = {Gregg, Michael L. and Grybush, Richard J.},
   title = {{Thermally Altered Siliceous Stone from Prehistoric Contexts: Intentional versus Unintentional Alteration}},
   journal = {American Antiquity},
   volume = {41},
   number = {2},
   pages = {189-192},
   DOI = {10.2307/279170},
   year = {1976},
   type = {Journal Article}
}

@article{RN8971,
   author = {Mercieca, Alison and Hiscock, Peter},
   title = {Experimental insights into alternative strategies of lithic heat treatment},
   journal = {Journal of Archaeological Science},
   volume = {35},
   pages = {2634-2639},
   DOI = {10.1016/j.jas.2008.04.021},
   year = {2007},
   type = {Journal Article}
}

@article{RN5787,
   author = {Ambrose, Stanley H.},
   title = {{Howiesons Poort lithic raw material procurement patterns and the evolution of modern human behavior: A response to Minichillo (2006)}},
   journal = {Journal of Human Evolution},
   volume = {50},
   number = {3},
   pages = {365-369},
   ISSN = {00472484},
   DOI = {10.1016/j.jhevol.2005.12.006},
   url = {https://www.sciencedirect.com/science/article/abs/pii/S0047248405002290?via%3Dihub},
   year = {2006},
   type = {Journal Article}
}

@article{RN6855,
   author = {Teltser, Patrice A.},
   title = {{Generalized Core Technology and Tool Use: A Mississippian Example}},
   journal = {Journal of Field Archaeology},
   volume = {18},
   number = {3},
   pages = {363-375},
   DOI = {10.1179/009346991791548681},
   year = {1991},
   type = {Journal Article}
}

@article{RN8968,
   author = {Clark, John E.},
   title = {{Manufacture of Mesoamerican Prismatic Blades: An Alternative Technique}},
   journal = {American Antiquity},
   volume = {47},
   pages = {355-376},
   DOI = {10.2307/279907},
   year = {1982},
   type = {Journal Article}
}

@article{RN8969,
   author = {Newcomer, Mark H.},
   title = {{Some Quantitative Experiments in Hand-Axe Manufacture}},
   journal = {World Archaeology},
   volume = {3},
   pages = {85-95},
   DOI = {10.1080/00438243.1971.9979493},
   year = {1971},
   type = {Journal Article}
}

@article{RN7927,
   author = {Selden Jr., Robert Z.},
   title = {{Ceramic Morphological Organisation in the Southern Caddo Area: Quiddity of Shape for Hickory Engraved Bottles}},
   journal = {Journal of Archaeological Science: Reports},
   volume = {21},
   pages = {884-896},
   ISSN = {2352409X},
   DOI = {10.1016/j.jasrep.2018.08.045},
   year = {2018},
   type = {Journal Article}
}

@article{RN8074,
   author = {Selden Jr., Robert Z.},
   title = {{A Preliminary Study of Smithport Plain Bottle Morphology in the Southern Caddo Area}},
   journal = {Bulletin of the Texas Archeological Society},
   volume = {89},
   pages = {63-89},
   url = {https://scholarworks.sfasu.edu/crhr/283/},
   year = {2018},
   type = {Journal Article}
}

@article{RN5693,
   author = {Selden Jr., Robert Z.},
   title = {{Asymmetry of Caddo Ceramics from the Washington Square Mound Site: An Exploratory Analysis}},
   journal = {Digital Applications in Archaeology and Cultural Heritage},
   volume = {5},
   pages = {21-28},
   ISSN = {22120548},
   DOI = {10.1016/j.daach.2017.04.003},
   year = {2017},
   type = {Journal Article}
}

@article{RN8565,
   author = {Adams, Dean C. and Otarola-Castillo, Erik},
   title = {{geomorph: An R Package for the Collection and Analysis of Geometric Morphometric Shape Data}},
   journal = {Methods in Ecology and Evolution},
   volume = {4},
   number = {4},
   pages = {393-399},
   ISSN = {2041210X},
   DOI = {10.1111/2041-210x.12035},
   url = {https://besjournals.onlinelibrary.wiley.com/doi/full/10.1111/2041-210X.12035
https://besjournals.onlinelibrary.wiley.com/doi/pdfdirect/10.1111/2041-210X.12035?download=true},
   year = {2013},
   type = {Journal Article}
}

@article{RN7162,
   author = {Selden Jr., Robert Z. and Perttula, Timothy K. and O'Brien, Michael J.},
   title = {{Advances in Documentation, Digital Curation, Virtual Exhibition, and a Test of 3D Geometric Morphometrics: A Case Study of the Vanderpool Vessels from the Ancestral Caddo Territory}},
   journal = {Advances in Archaeological Practice},
   volume = {2},
   number = {2},
   pages = {1-15},
   ISSN = {2326-3768},
   DOI = {10.7183/2326-3768.2.2.64},
   year = {2014},
   type = {Journal Article}
}

@article{RN8993,
   author = {Hughes, Susan S},
   title = {{Getting to the Point: Evolutionary Change in Prehistoric Weaponry}},
   journal = {Journal of Archaeological Method and Theory},
   volume = {5},
   number = {4},
   pages = {345-408},
   ISSN = {1072-5369
1573-7764},
   DOI = {https://doi.org/10.1007/BF02428421},
   year = {1998},
   type = {Journal Article}
}

@article{RN8994,
   author = {Christenson, Andrew L.},
   title = {{Projectile Point Size and Projectile Aerodynamics: An Exploratory Study}},
   journal = {Plains Anthropologist},
   volume = {31},
   number = {112},
   pages = {109-128},
   ISSN = {0032-0447
2052-546X},
   DOI = {https://doi.org/10.1080/2052546.1986.11909324},
   year = {1986},
   type = {Journal Article}
}

@incollection{RN6342,
   author = {Kay, Marvin},
   title = {{Microwear Analysis of Some Clovis and Experimental Chipped Stone Tools}},
   booktitle = {Stone Tools: Theorectical Insights into Human Prehistory},
   editor = {Odell, George},
   publisher = {Plenum Press},
   address = {New York},
   pages = {315-344},
   year = {1996},
   type = {Book Section}
}

@incollection{RN8992,
   author = {Harper, Cheryl and Andrefsky Jr, William},
   title = {{Exploring the Dart and Arrow Dilemma: Retouch Indices as Functional Determinants}},
   booktitle = {Lithic Technology},
   editor = {Andrefsky Jr, William},
   publisher = {Cambridge University Press},
   address = {New York},
   pages = {175-191},
   year = {2008},
   type = {Book Section}
}

@article{RN8275,
   author = {Densmore, Julie A.},
   title = {{A Detailed Analysis of the Variation in Morphology of the Gary Dart Point}},
   journal = {Lithic Technology},
   volume = {32},
   number = {1},
   pages = {7-16},
   ISSN = {0197-7261
2051-6185},
   DOI = {10.1080/01977261.2007.11721040},
   year = {2007},
   type = {Journal Article}
}

@article{RN7046,
   author = {Goodall, Colin},
   title = {{Procrustes Methods in the Statistical Analysis of Shape}},
   journal = {Journal of the Royal Statistical Society. Series B (Methodological)},
   volume = {53},
   number = {2},
   pages = {285-339},
   year = {1991},
   type = {Journal Article}
}

@article{RN6995,
   author = {Anderson, Marti J. and Ter Braak, Cajo J. F.},
   title = {{Permutation Tests for Multi-Factoral Analysis of Variance}},
   journal = {Journal of Statistical Computation and Simulation},
   volume = {73},
   number = {2},
   pages = {85-113},
   DOI = {10.1080=0094965021000015558},
   year = {2003},
   type = {Journal Article}
}

@article{RN2241,
   author = {Perttula, Timothy K.},
   title = {{Analysis of the Prehistoric Artifacts from the Pace McDonald Site (41AN51), Anderson County, Texas}},
   journal = {Journal of Northeast Texas Archaeology},
   volume = {34},
   pages = {35-54},
   DOI = {https://doi.org/10.21112/.ita.2011.1.32},
   url = {https://scholarworks.sfasu.edu/ita/vol2011/iss1/32/},
   year = {2011},
   type = {Journal Article}
}

@article{RN9514,
   author = {Febriawan, Hendra Kurnia and Moefti, Omar and Haryanto, Dwi and Wiguna, Taufan},
   title = {{Detection and characterization of an archaeological wreck site in Sunda Strait, Indonesia}},
   journal = {Forum geografic},
   volume = {XIX},
   number = {1},
   pages = {60-71},
   ISSN = {1583-1523},
   DOI = {10.5775/fg.2020.054.i},
   year = {2020},
   type = {Journal Article}
}

@article{RN9513,
   author = {Kadhim, Israa and Abed, Fanar},
   title = {{The Potential of LiDAR and UAV-Photogrammetric Data Analysis to Interpret Archaeological Sites: A Case Study of Chun Castle in South-West England}},
   journal = {ISPRS International Journal of Geo-Information},
   volume = {10},
   number = {1},
   ISSN = {2220-9964},
   DOI = {10.3390/ijgi10010041},
   year = {2021},
   type = {Journal Article}
}

@article{RN8982,
   author = {Furman, Ed and Amick, Clyde},
   title = {{Archaeological Investigations at 41AN115}},
   journal = {Journal of Northeast Texas Archaeology},
   volume = {21},
   pages = {15-63},
   DOI = {https://doi.org/10.21112/.ita.2005.1.24},
   url = {https://scholarworks.sfasu.edu/ita/vol2005/iss1/24/},
   year = {2005},
   type = {Journal Article}
}


@article{RN9515,
   author = {Bhatt, Malay S. and Patalia, Tejas P.},
   title = {Indian Monuments Classification using Support Vector Machine},
   journal = {International Journal of Electrical and Computer Engineering (IJECE)},
   volume = {7},
   number = {4},
   ISSN = {2088-8708
2088-8708},
   DOI = {10.11591/ijece.v7i4.pp1952-1963},
   year = {2017},
   type = {Journal Article}
}

@article{RN8158,
   author = {Selden Jr., Robert Z. and Dockall, John E. and Shafer, Harry J.},
   title = {{Lithic Morphological Organisation: Gahagan Bifaces from the Southern Caddo Area}},
   journal = {Digital Applications in Archaeology and Cultural Heritage},
   volume = {10},
   pages = {e00080},
   ISSN = {22120548},
   DOI = {10.1016/j.daach.2018.e00080},
   year = {2018},
   type = {Journal Article}
}

@article{RN9516,
   author = {Monna, Fabrice and Magail, Jerome and Rolland, Tanguy and Navarro, Nicolas and Wilczek, Josef and Gantulga, Jamiyan-Ombo and Esin, Yury and Granjon, Ludovic and Allard, Anne-Caroline and Chateau-Smith, Carmela},
   title = {Machine learning for rapid mapping of archaeological structures made of dry stones - Example of burial monuments from the Khirgisuur culture, Mongolia -},
   journal = {Journal of Cultural Heritage},
   volume = {43},
   pages = {118-128},
   ISSN = {12962074},
   DOI = {10.1016/j.culher.2020.01.002},
   year = {2020},
   type = {Journal Article}
}

@article{RN8561,
   author = {Adams, Dean C. and Collyer, Michael L.},
   title = {{A General Framework for the Analysis of Phenotypic Trajectories in Evolutionary Studies}},
   journal = {Evolution},
   volume = {63},
   number = {5},
   pages = {1143-54},
   ISSN = {1558-5646 (Electronic)
0014-3820 (Linking)},
   DOI = {10.1111/j.1558-5646.2009.00649.x},
   url = {http://www.ncbi.nlm.nih.gov/pubmed/19210539
https://onlinelibrary.wiley.com/doi/full/10.1111/j.1558-5646.2009.00649.x
https://onlinelibrary.wiley.com/doi/pdfdirect/10.1111/j.1558-5646.2009.00649.x?download=true},
   year = {2009},
   type = {Journal Article}
}

@article{RN5698,
   author = {Gower, J. C.},
   title = {{Generalized Procrustes Analysis}},
   journal = {Psychometrika},
   volume = {40},
   number = {1},
   pages = {33-51},
   ISSN = {0033-3123
1860-0980},
   DOI = {https://doi.org/10.1007/BF02291478},
   url = {https://link.springer.com/article/10.1007%2FBF02291478},
   year = {1975},
   type = {Journal Article}
}

@article{RN8334,
   author = {Collyer, Michael L. and Adams, Dean C.},
   title = {{RRPP: An R Package for Fitting Linear Models to High-Dimensional Data using Residual Randomization}},
   journal = {Methods in Ecology and Evolution},
   volume = {9},
   number = {7},
   pages = {1772-1779},
   ISSN = {2041210X},
   DOI = {https://doi.org/10.1111/2041-210X.13029},
   url = {https://besjournals.onlinelibrary.wiley.com/doi/pdf/10.1111/2041-210X.13029
https://besjournals.onlinelibrary.wiley.com/doi/full/10.1111/2041-210X.13029},
   year = {2018},
   type = {Journal Article}
}

@article{RN8579,
   author = {Adams, Dean C. and Collyer, Michael L.},
   title = {{Permutation Tests for Phylogenetic Comparative Analyses of High-Dimensional Shape Data: What you Shuffle Matters}},
   journal = {Evolution},
   volume = {69},
   number = {3},
   pages = {823-9},
   ISSN = {1558-5646 (Electronic)
0014-3820 (Linking)},
   DOI = {10.1111/evo.12596},
   url = {http://www.ncbi.nlm.nih.gov/pubmed/25641367
https://onlinelibrary.wiley.com/doi/abs/10.1111/evo.12596},
   year = {2015},
   type = {Journal Article}
}

@article{RN8588,
   author = {Bookstein, Fred L. and Gunz, Philipp and Mitterocker, Philipp and Prossinger, Hermann and Schaefer, Katrin and Seidler, Horst},
   title = {{Cranial Integration in Homo: Singular Warps Analysis of the Midsagittal Plane in Ontogeny and Evolution}},
   journal = {Journal of Human Evolution},
   volume = {44},
   number = {2},
   pages = {167-187},
   ISSN = {00472484},
   DOI = {10.1016/S0047-2484(02)00201-4},
   url = {https://www.ncbi.nlm.nih.gov/pubmed/12662941
https://www.sciencedirect.com/science/article/abs/pii/S0047248402002014?via%3Dihub},
   year = {2003},
   type = {Journal Article}
}

@article{RN8560,
   author = {Collyer, Michael L. and Sekora, David J. and Adams, Dean C.},
   title = {{A Method for Analysis of Phenotypic Change for Phenotypes Described by High-Dimensional Data}},
   journal = {Heredity},
   volume = {115},
   number = {4},
   pages = {357-65},
   ISSN = {1365-2540 (Electronic)
0018-067X (Linking)},
   DOI = {10.1038/hdy.2014.75},
   url = {http://www.ncbi.nlm.nih.gov/pubmed/25204302
https://www.ncbi.nlm.nih.gov/pmc/articles/PMC4815463/pdf/hdy201475a.pdf},
   year = {2015},
   type = {Journal Article}
}

@article{RN8352,
   author = {Adams, Dean C. and Collyer, Michael L.},
   title = {{Analysis of Character Divergence along Environmental Gradients and other Covariates}},
   journal = {Evolution},
   volume = {61},
   number = {3},
   pages = {510-5},
   ISSN = {0014-3820 (Print)
0014-3820 (Linking)},
   DOI = {10.1111/j.1558-5646.2007.00063.x},
   url = {https://www.ncbi.nlm.nih.gov/pubmed/17348916
https://onlinelibrary.wiley.com/doi/full/10.1111/j.1558-5646.2007.00063.x
https://onlinelibrary.wiley.com/doi/pdfdirect/10.1111/j.1558-5646.2007.00063.x?download=true},
   year = {2007},
   type = {Journal Article}
}

@article{scikit-learn,
 title={{Scikit-learn: Machine Learning in Python}},
 author={Pedregosa, F. and Varoquaux, G. and Gramfort, A. and Michel, V.
         and Thirion, B. and Grisel, O. and Blondel, M. and Prettenhofer, P.
         and Weiss, R. and Dubourg, V. and Vanderplas, J. and Passos, A. and
         Cournapeau, D. and Brucher, M. and Perrot, M. and Duchesnay, E.},
 journal={Journal of Machine Learning Research},
 volume={12},
 pages={2825--2830},
 year={2011}
}

@inproceedings{sklearn_api,
  author    = {Lars Buitinck and Gilles Louppe and Mathieu Blondel and
               Fabian Pedregosa and Andreas Mueller and Olivier Grisel and
               Vlad Niculae and Peter Prettenhofer and Alexandre Gramfort
               and Jaques Grobler and Robert Layton and Jake VanderPlas and
               Arnaud Joly and Brian Holt and Ga{\"{e}}l Varoquaux},
  title     = {{API} design for machine learning software: experiences from the scikit-learn
               project},
  booktitle = {ECML PKDD Workshop: Languages for Data Mining and Machine Learning},
  year      = {2013},
  pages = {108--122},
}

@incollection{RN8989,
   author = {Braun, David P.},
   title = {{Illinois Hopewell Burial Practices and Social Organization: A Reexamination of the Klunk-Gibson Mound Group}},
   booktitle = {Hopewell Archaeology},
   editor = {Brose, D. S. and Greber, N},
   publisher = {Kent State University Press},
   address = {Kent, Ohio},
   pages = {66-79},
   year = {1979},
   type = {Book Section}
}

@article{RN8544,
   author = {Collyer, Michael L. and Adams, Dean C.},
   title = {{Phenotypic Trajectory Analysis: Comparison of Shape Change Patterns in Evolution and Ecology}},
   journal = {Hystrix},
   volume = {24},
   number = {1},
   pages = {75-83},
   DOI = {doi:10.4404/hystrix-24.1-6298},
   url = {http://www.italian-journal-of-mammalogy.it/pdf-77245-13398?filename=Phenotypic trajectory.pdf},
   year = {2013},
   type = {Journal Article}
}

@article{RN5871,
   author = {Bird, Douglas W. and Oâ€™Connell, James F.},
   title = {{Behavioral Ecology and Archaeology}},
   journal = {Journal of Archaeological Research},
   volume = {14},
   number = {2},
   pages = {143-188},
   ISSN = {1059-0161
1573-7756},
   DOI = {10.1007/s10814-006-9003-6},
   year = {2006},
   type = {Journal Article}
}

@article{RN8340,
   author = {Adams, Dean C. and Collyer, Michael L.},
   title = {{On the Comparison of the Strength of Morphological Integration across Morphometric Datasets}},
   journal = {Evolution},
   volume = {70},
   number = {11},
   pages = {2623-2631},
   ISSN = {1558-5646 (Electronic)
0014-3820 (Linking)},
   DOI = {10.1111/evo.13045},
   url = {https://www.ncbi.nlm.nih.gov/pubmed/27592864
https://onlinelibrary.wiley.com/doi/abs/10.1111/evo.13045},
   year = {2016},
   type = {Journal Article}
}




@article{RN8314,
   author = {Adams, Dean C. and Collyer, Michael L. and Kaliontzopoulou, Antigoni and Sherratt, Emma},
   title = {{Package 'geomorph': Geometric Morphometric Analyses of 2D/3D Landmark Data. R package version 3.2.1}},
   number = {March 1, 2020},
   url = {http://geomorphr.github.io/geomorph/},
   year = {2018},
   type = {Journal Article}
}

@book{RN5703,
   author = {Zelditch, Miriam Leah and Swiderski, Donald L. and Sheets, H. David and Fink, William L.},
   title = {Geometric Morphometrics for Biologists : A Primer},
   publisher = {Elsevier Science},
   address = {Burlington},
   ISBN = {9780080521916},
   url = {http://ebookcentral.proquest.com/lib/tamucs/detail.action?docID=298308},
   year = {2004},
   type = {Book}
}

@book{RN5700,
   author = {Birkhoff, George D.},
   title = {Aesthetic Measure},
   publisher = {Harvard University Press},
   address = {Cambridge},
   year = {1933},
   type = {Book}
}

@article{RN8370,
   author = {Selden Jr., Robert Z.},
   title = {{Ceramic Morphological Organisation in the Southern Caddo Area: The Clarence H. Webb Collections}},
   journal = {Journal of Cultural Heritage},
   volume = {35},
   pages = {41-55},
   DOI = {10.1016/j.culher.2018.07.002},
   url = {https://www.sciencedirect.com/science/article/abs/pii/S1296207418301912?via%3Dihub},
   year = {2019},
   type = {Journal Article}
}

@incollection{RN8312,
   author = {Selden Jr., Robert Z.},
   title = {{Louisiana Limitrophe: An Iterative Morphological Exegesis of Caddo Bottle and Biface Production}},
   booktitle = {Ancestral Caddo Ceramic Traditions},
   editor = {McKinnon, Duncan P. and Girard, Jeffrey S. and Perttula, Timothy K.},
   publisher = {LSU Press},
   address = {Baton Rouge},
   pages = {258-276},
   year = {2021},
   type = {Book Section}
}

@article{RN8322,
   author = {Selden Jr., Robert Z. and Dockall, John E. and Dubied, Morgane},
   title = {{A quantitative assessment of intraspecific morphological variation in Gahagan bifaces from the southern Caddo area and central Texas}},
   journal = {Southeastern Archaeology},
   volume = {39},
   number = {2},
   pages = {125-145},
   ISSN = {0734-578X
2168-4723},
   DOI = {10.1080/0734578x.2020.1744416},
   year = {2020},
   type = {Journal Article}
}

@techreport{RN8962,
   author = {Perttula, Timothy K. and Walters, Mark and Stingley, Kevin and Middlebrook, Tom A.},
   title = {Ceramic Vessels and Other Funerary Objects in the Titus Phase Cemetery at the Tuck Carpenter Site, Camp County, Texas},
   institution = {Special Publication No. 48. Friends of Northeast Texas Archaeology, Austin and Pittsburg},
   year = {2017},
   type = {Report}
}

@article{RN8963,
   author = {Perttula, Timothy K.},
   title = {{Caddo Ceramic and Lithic Artifacts from the Washington Square Mound Site (41NA49) in Nacogdoches County, Texas: 1985 Texas Archeological Society Field School Investigations}},
   journal = {Bulletin of the Texas Archeological Society},
   volume = {80},
   pages = {145-193},
   year = {2009},
   type = {Journal Article}
}

@article{RN3158,
   author = {Turner, Robert L.},
   title = {{The Tuck Carpenter Site and Its Relations to Other Sites within the Titus Focus}},
   journal = {Bulletin of the Texas Archeological Society},
   volume = {49},
   pages = {1-110},
   year = {1978},
   type = {Journal Article}
}

@article{RN9786,
   author = {Dering, Phil},
   title = {{Late Prehistoric Subsistence Economy on the Edwards Plateau}},
   journal = {Plains Anthropologist},
   volume = {53},
   number = {205},
   pages = {59-77},
   ISSN = {0032-0447
2052-546X},
   DOI = {10.1179/pan.2008.005},
   year = {2008},
   type = {Journal Article}
}

@inproceedings{RN10755,
   author = {Zhang, Ru},
   title = {The ancient ceramics identification methods based on non-linear support vector machines},
   booktitle = {Applied Mechanics and Materials},
   publisher = {Trans Tech Publ},
   volume = {278},
   pages = {1201-1204},
   ISBN = {3037855959},
   year = {2013},
   type = {Conference Proceedings}
}

@book{RN2444,
   author = {Perttula, Timothy K. and Walters, Mark and Nelson, Bo},
   title = {Archeological Investigations at the Pace McDonald Site (41AN51): A Middle Caddo Mound Center in the Neches River Basin in East Texas},
   publisher = {Friends of Northeast Texas Archaeology},
   address = {Pittsburg and Austin},
   volume = {Special Publication No. 21},
   year = {2012},
   type = {Book}
}

@article{RN9565,
   author = {Baken, Erica K. and Collyer, Michael L. and Kaliontzopoulou, Antigoni and Adams, Dean C.},
   title = {{geomorph v4.0 and gmShiny: Enhanced analytics and a new graphical interface for a comprehensive morphometric experience}},
   journal = {Methods in Ecology and Evolution},
   ISSN = {2041-210X
2041-210X},
   DOI = {10.1111/2041-210x.13723},
   year = {2021},
   type = {Journal Article}
}

@book{RN3149,
   author = {Turner, E. S. and Hester, T. R. and McReynolds, R. L},
   title = {Stone Artifacts of Texas Indians: Completely Revised Third Edition},
   publisher = {Taylor Trade Publishing},
   address = {Lanham, Maryland},
   year = {2011},
   type = {Book}
}

@techreport{RN3159,
   author = {Turner, Robert L.},
   title = {Prehistoric Mortuary Remains at the Tuck Carpenter Site, Camp County, Texas},
   institution = {Studies in Archeology No. 10. Texas Archeological Research Laboratory, The University of Texas at Austin, Austin},
   year = {1992},
   type = {Report}
}

@book{RN2440,
   author = {Perttula, Timothy K. and Walters, Mark and Nelson, Rodney B.},
   title = {Caddo Pottery Vessels and Pipes from the Johns Site (41CP12) in the Big Cypress Creek Basin in the Turner and Johns Collections, Camp County, Texas},
   publisher = {Friends of Northeast Texas Archaeology},
   address = {Austin and Pittsburg},
   volume = {Special Publication No. 11},
   year = {2010},
   type = {Book}
}

@techreport{RN2439,
   author = {Perttula, Timothy K. and Walters, Mark and Nelson, Rodney Bo},
   title = {Caddo Pottery Vessels and Pipes from Sites in the Big Cypress, Sulphur, Neches-Angelina, and Middle Sabine River Basins in the Turner and Johns Collections, Camp, Cass, Cherokee, Harrison, Morris, Titus, and Upshur Counties, Texas and Sabine Parish, Louisiana},
   institution = {Special Publication No. 10. Friends of Northeast Texas Archaeology, Pittsburg and Austin},
   year = {2010},
   type = {Report}
}

@techreport{RN8964,
   author = {Perttula, Timothy K. and Miller, Mason D.},
   title = {Archeological Investigations at the Kitchen Branch (41CP220), B. J. Horton (41CP20), and Keering (41CP21) Sites, Big Cypress Creek Basin, Camp County, Texas},
   institution = {Technical Report No. 82. AmaTerra Environmental, Inc., Austin},
   DOI = {10.21112/ita.2014.1.1},
   year = {2014},
   type = {Report}
}

@article{RN2275,
   author = {Perttula, Timothy K.},
   title = {{The Sam D. Carpenter Bottom Site (41CP495) in the Big Cypress Creek Basin, Camp County, Texas}},
   journal = {Journal of Northeast Texas Archaeology},
   volume = {42},
   pages = {1-21},
   ISSN = {24759333},
   DOI = {https://doi.org/10.21112/.ita.2013.1.29},
   url = {https://scholarworks.sfasu.edu/ita/vol2013/iss1/29/},
   year = {2013},
   type = {Journal Article}
}

@article{RN5170,
   author = {Adams, Dean C. and Peres-Neto, Pedro},
   title = {{Evaluating modularity in morphometric data: challenges with the RV coefficient and a new test measure}},
   journal = {Methods in Ecology and Evolution},
   volume = {7},
   number = {5},
   pages = {565-572},
   ISSN = {2041210X},
   DOI = {10.1111/2041-210x.12511},
   url = {https://besjournals.onlinelibrary.wiley.com/doi/full/10.1111/2041-210X.12511
https://besjournals.onlinelibrary.wiley.com/doi/pdfdirect/10.1111/2041-210X.12511?download=true},
   year = {2016},
   type = {Journal Article}
}

@article{RN10754,
   author = {Elliot, T. and Morse, R. and Smythe, D. and Norris, A.},
   title = {{Evaluating machine learning techniques for archaeological lithic sourcing: A case study of flint in Britain}},
   journal = {Sci Rep},
   volume = {11},
   number = {1},
   pages = {10197},
   ISSN = {2045-2322 (Electronic)
2045-2322 (Linking)},
   DOI = {10.1038/s41598-021-87834-3},
   url = {https://www.ncbi.nlm.nih.gov/pubmed/33986304},
   year = {2021},
   type = {Journal Article}
}

@techreport{RN5724,
   author = {Fields, Ross C. and Gadus, Eloise F.},
   title = {{Archeology of the Nadaco Caddo: the View from the Pine Tree Mound Site (41HS15), Harrison County, Texas}},
   institution = {2 Vols. Reports of Investigations No. 164. Prewitt and Associates, Inc., Austin},
   year = {2012},
   type = {Report}
}

@article{RN2944,
   author = {Selden Jr., Robert Z. and Perttula, Timothy K.},
   title = {{Radiocarbon trends and the East Texas Caddo tradition (ca. A.D. 800-1680)}},
   journal = {Southeastern Archaeology},
   volume = {32},
   number = {1},
   pages = {85-96},
   url = {http://www.scopus.com/inward/record.url?eid=2-s2.0-84883221547&partnerID=MN8TOARS},
   year = {2013},
   type = {Journal Article}
}

@article{RN8983,
   author = {Perttula, Timothy K. and Walters, Mark and Nelson, R. Bo},
   title = {{Funerary Offerings from the Keasler Site Cemetery (41HS235), Harrison County, Texas}},
   journal = {Journal of Northeast Texas Archaeology},
   volume = {63},
   pages = {23-38},
   DOI = {https://doi.org/10.21112/.ita.2016.1.66},
   url = {https://scholarworks.sfasu.edu/ita/vol2016/iss1/66/},
   year = {2016},
   type = {Journal Article}
}

@book{RN2347,
   author = {Perttula, Timothy K. and Nelson, Bo},
   title = {Prehistoric Artifact Assemblages from Sites along Hickory Creek in the Davy Crockett National Forest, Houston County, Texas},
   publisher = {Friends of Northeast Texas Archaeology},
   address = {Pittsburg and Austin},
   volume = {Special Publication No. 14},
   DOI = {https://doi.org/10.21112/ita.2009.1.15},
   url = {https://scholarworks.sfasu.edu/ita/vol2009/iss1/15/},
   year = {2009},
   type = {Book}
}

@article{RN1536,
   author = {Perttula, Timothy K. and Selden Jr., Robert Z. and Nelson, Bo},
   title = {{Documentation of Ceramic Vessels and Projectile Points from the C. D. Marsh Site (41HS269) in the Sabine River Basin}},
   journal = {Journal of Northeast Texas Archaeology},
   volume = {44},
   pages = {85-98},
   DOI = {10.21112/.ita.2014.1.51},
   year = {2014},
   type = {Journal Article}
}

@article{RN914,
   author = {Corbin, James E. and Hart, John P.},
   title = {{The Washington Square Mound Site: A Middle Caddo Mound Complex in South Central East Texas}},
   journal = {Bulletin of the Texas Archeological Society},
   volume = {69},
   pages = {47-78},
   year = {1998},
   type = {Journal Article}
}

@book{RN12,
   author = {Perttula, Timothy K. and Walters, Mark and Nelson, Rodney B. and Cast, Robert},
   title = {Documentation of Associated and Unassociated Caddo Funerary Objects in the Stephen F. Austin State University Collections, Nacogdoches, Texas.},
   publisher = {Stephen F. Austin State University Press},
   address = {Nacogdoches, Texas},
   year = {2010},
   type = {Book}
}

@techreport{RN8965,
   author = {Perttula, Timothy K. and Marceaux, P. Shawn},
   title = {The Lithic and Ceramic Artifacts from the Spradley Site (41NA206), Nacogdoches County, Texas},
   institution = {Special Publication No. 50. Friends of Northeast Texas Archaeology},
   DOI = {https://doi.org/10.21112/ita.2018.1.2},
   url = {https://scholarworks.sfasu.edu/ita/vol2018/iss1/2/},
   year = {2018},
   type = {Report}
}

@article{RN1971,
   author = {Middlebrook, Tom A.},
   title = {{The Jack Walton Site (41SA135), San Augustine County, Texas}},
   journal = {Journal of Northeast Texas Archaeology},
   volume = {33},
   pages = {1-23},
   DOI = {10.21112/.ita.2010.1.28},
   year = {2010},
   type = {Journal Article}
}

@article{RN3231,
   author = {Walters, Mark and Haskins, Patti},
   title = {{The Bryan Hardy Site (41SM55), Smith County, Texas}},
   journal = {Journal of Northeast Texas Archaeology},
   volume = {12},
   pages = {1-26},
   ISSN = {24759333},
   DOI = {https://doi.org/10.21112/.ita.2000.1.25},
   url = {https://scholarworks.sfasu.edu/ita/vol2000/iss1/25/},
   year = {2000},
   type = {Journal Article}
}

@article{RN3230,
   author = {Walters, Mark and Haskins, Patti},
   title = {{Archaeological Investigations at the Redwine Site (41SM193), Smith County, Texas}},
   journal = {Journal of Northeast Texas Archaeology},
   volume = {11},
   pages = {1-38},
   DOI = {https://doi.org/10.21112/.ita.1998.1.43},
   url = {https://scholarworks.sfasu.edu/ita/vol1998/iss1/43/},
   year = {1998},
   type = {Journal Article}
}

@article{RN3220,
   author = {Walters, Mark},
   title = {{The Wolf Site (41SM195), Smith County, Texas}},
   journal = {Journal of Northeast Texas Archaeology},
   volume = {18},
   pages = {1-21},
   DOI = {https://doi.org/10.21112/.ita.2003.1.25},
   url = {https://scholarworks.sfasu.edu/ita/vol2003/iss1/25/},
   year = {2003},
   type = {Journal Article}
}

@article{RN8966,
   author = {Perttula, Timothy K.},
   title = {{Analysis of Aboriginal Ceramic and Lithic Artifacts from Sites on National Forest Lands in East Texas}},
   journal = {Journal of Northeast Texas Archaeology},
   volume = {77},
   pages = {1-122},
   year = {2018},
   type = {Journal Article}
}

@book{RN8584,
   author = {R Core Development Team},
   title = {R: A Language and Environment for Statistical Computing. Electronic resource,},
   publisher = {R Foundation for Statistical Computing},
   address = {Vienna, Austria},
   url = {http://www.R-project.org},
   year = {2021},
   type = {Book}
}

@article{RN8925,
   author = {Bonhomme, Vincent and Picq, Sandrine and Gaucherel, CÃ©dric and Claude, Julien},
   title = {{Momocs: Outline Analysis Using R}},
   journal = {Journal of Statistical Software},
   volume = {56},
   number = {13},
   ISSN = {1548-7660},
   DOI = {10.18637/jss.v056.i13},
   year = {2014},
   type = {Journal Article}
}

@article{RN6363,
   author = {Kuhn, Steven L.},
   title = {{A Formal Approach to the Design and Assembly of Mobile Toolkits}},
   journal = {American Antiquity},
   volume = {59},
   number = {3},
   pages = {426-442},
   ISSN = {0002-7316
2325-5064},
   DOI = {https://doi.org/10.2307/282456},
   year = {1994},
   type = {Journal Article}
}

@article{RN8069,
   author = {Brughmans, Tom},
   title = {Connecting the Dots: Towards Archaeological Network Analysis},
   journal = {Oxford Journal of Archaeology},
   volume = {29},
   number = {3},
   pages = {277-303},
   ISSN = {02625253
14680092},
   DOI = {10.1111/j.1468-0092.2010.00349.x},
   url = {https://onlinelibrary.wiley.com/doi/abs/10.1111/j.1468-0092.2010.00349.x},
   year = {2010},
   type = {Journal Article}
}

@article{RN6541,
   author = {Orton, Jayson},
   title = {{A useful measure of the desirability of different raw materials for retouch within and between assemblages: The raw material retouch index (RMRI)}},
   journal = {Journal of Archaeological Science},
   volume = {35},
   number = {4},
   pages = {1090-1094},
   ISSN = {03054403},
   DOI = {10.1016/j.jas.2007.08.002},
   year = {2008},
   type = {Journal Article}
}

@article{RN2805,
   author = {Gero, Joan and Mazzullo, Jim},
   title = {{Analysis of Artifact Shape Using Fourier Series in Closed Form}},
   journal = {Journal of Field Archaeology},
   volume = {11},
   number = {3},
   pages = {315},
   ISSN = {00934690},
   DOI = {10.2307/529282},
   year = {1984},
   type = {Journal Article}
}

@book{RN39,
   author = {LaVere, David},
   title = {The Indians of Texas},
   publisher = {Texas A\&M University Press},
   address = {College Station},
   year = {1998},
   type = {Book}
}

@book{RN38,
   author = {Foster, William C.},
   title = {The Historic Native Peoples of Texas: 1528-1722},
   publisher = {The University of Texas Press},
   address = {Austin},
   year = {2008},
   type = {Book}
}

@book{RN8076,
   author = {Smith, F. Todd},
   title = {The Caddo Indians: Tribes at the Convergence of Empires, 1542 - 1854},
   publisher = {Texas A\&M University Press},
   address = {College Station},
   year = {1995},
   type = {Book}
}

@book{RN9005,
   author = {Carter, Cecile E.},
   title = {Caddo Indians: Where We Come From},
   publisher = {University of Oklahoma Press},
   address = {Norman, Oklahoma},
   year = {1995},
   type = {Book}
}

@article{RN9004,
   author = {Vestergaard, C. and Hoggard, Christian S.},
   title = {{A Novel Geometric Morphometric (GMM) Application to the Study of Bronze Age Tutuli}},
   journal = {Danish Journal of Archaeology},
   volume = {8},
   pages = {5-28},
   DOI = {A Novel Geometric Morphometric (GMM) Application to the Study of Bronze Age Tutuli},
   url = {https://tidsskrift.dk/dja/article/view/112494},
   year = {2019},
   type = {Journal Article}
}


@article{RN9003,
   author = {Hoggard, Christian Steven and McNabb, John and Cole, James Nathan},
   title = {{The Application of Elliptic Fourier Analysis in Understanding Biface Shape and Symmetry Through the British Acheulean}},
   journal = {Journal of Paleolithic Archaeology},
   volume = {2},
   number = {2},
   pages = {115-133},
   ISSN = {2520-8217},
   DOI = {10.1007/s41982-019-00024-6},
   year = {2019},
   type = {Journal Article}
}

@incollection{RN8031,
   author = {Selden Jr., Robert Z.},
   title = {{An Exploratory Network Analysis of the Historic Caddo Period in Northeast Texas}},
   booktitle = {Ancestral Caddo Ceramic Traditions},
   editor = {McKinnon, Duncan P. and Perttula, Timothy K. and Girard, Jeffrey S.},
   publisher = {LSU Press},
   address = {Baton Rouge},
   pages = {240-257},
   year = {2021},
   type = {Book Section}
}

@article{RN8980,
   author = {Selden Jr., Robert Z. and Dockall, John E. and Bousman, C. Britt and Perttula, Timothy K.},
   title = {{Supplementary materials for paper: Shape as a function of time + raw material + burial context? A preliminary analysis of Perdiz arrow points in the southern Caddo area}},
   journal = {Open Science Framework},
   DOI = {10.17605/OSF.IO/DEJ74},
   year = {2021},
   type = {Journal Article}
}

@article{RN20804,
   author = {Marwick, Ben},
   title = {Computational Reproducibility in Archaeological Research: Basic Principles and a Case Study of Their Implementation},
   journal = {Journal of Archaeological Method and Theory},
   volume = {24},
   number = {2},
   pages = {424-450},
   ISSN = {1072-5369
1573-7764},
   DOI = {10.1007/s10816-015-9272-9},
   year = {2016}
}

@inbook{RN20915,
   author = {Gray, Charles T. and Marwick, Ben},
   title = {Truth, Proof, and Reproducibility: There's No Counter-Attack for the Codeless},
   booktitle = {Statistics and Data Science},
   series = {Communications in Computer and Information Science},
   chapter = {Chapter 8},
   pages = {111-129},
   ISBN = {978-981-15-1959-8
978-981-15-1960-4},
   DOI = {10.1007/978-981-15-1960-4_8},
   year = {2019},
   type = {Book Section}
}

@article{RN20916,
   author = {Peng, Roger D.},
   title = {Reproducible Research in Computational Science},
   journal = {Science},
   volume = {334},
   number = {6060},
   pages = {1226-7},
   ISSN = {1095-9203 (Electronic)
0036-8075 (Linking)},
   DOI = {10.1126/science.1213847},
   url = {https://www.ncbi.nlm.nih.gov/pubmed/22144613},
   year = {2011},
   type = {Journal Article}
}

@book{RN20917,
   author = {Gandrud, Christopher},
   title = {Reproducible Research with R and RStudio},
   publisher = {CRC Press},
   address = {London},
   series = {The R Series},
   year = {2014},
   type = {Book}
}


@article{RN21008,
   author = {Peels, Rik and Bouter, Lex},
   title = {Humanities Need a Replication Drive Too},
   journal = {Nature},
   volume = {558},
   number = {7710},
   pages = {372},
   ISSN = {1476-4687 (Electronic)
0028-0836 (Linking)},
   DOI = {10.1038/d41586-018-05454-w},
   url = {https://www.ncbi.nlm.nih.gov/pubmed/29921855},
   year = {2018}
}

@article{RN21007,
   author = {Marwick, Ben and Wang, Li-Ying and Robinson, Ryan and Loiselle, Hope},
   title = {How to Use Replication Assignments for Teaching Integrity in Empirical Archaeology},
   journal = {Advances in Archaeological Practice},
   volume = {8},
   number = {1},
   pages = {78-86},
   ISSN = {2326-3768},
   DOI = {10.1017/aap.2019.38},
   year = {2019}
}

@article{RN21009,
   author = {IvanovaitÄ—, Livija and Serwatka, Kamil and Hoggard, Christian Steven and Sauer, Florian and Riede, Felix},
   title = {All these Fantastic Cultures? Research History and Regionalization in the Late Palaeolithic Tanged Point Cultures of Eastern Europe},
   journal = {European Journal of Archaeology},
   volume = {23},
   number = {2},
   pages = {162-185},
   ISSN = {1461-9571
1741-2722},
   DOI = {10.1017/eaa.2019.59},
   year = {2020}
}

@article{RN6313,
   author = {IoviÅ£Äƒ, Radu},
   title = {{Ontogenetic Scaling and Lithic Systematics: Method and Application}},
   journal = {Journal of Archaeological Science},
   volume = {36},
   number = {7},
   pages = {1447-1457},
   ISSN = {03054403},
   DOI = {10.1016/j.jas.2009.02.008},
   year = {2009},
   type = {Journal Article}
}

@inbook{RN5230,
   author = {IoviÅ£Äƒ, Radu},
   title = {{Comparing Stone Tool Resharpening Trajectories with the Aid of Elliptical Fourier Analysis}},
   booktitle = {New Perspectives on Old Stones: Analytical Approaches to Paleolithic Technologies},
   editor = {Lycett, S. J. and Chauhan, P.},
   publisher = {Springer-Verlag New York},
   address = {New York},
   pages = {235-253},
   DOI = {10.1007/978-1-4419-6861-6_10},
   year = {2010},
   type = {Book Section}
}

@article{RN5225,
   author = {IoviÅ£Äƒ, Radu},
   title = {{Shape variation in Aterian tanged tools and the origins of projectile technology: A morphometric perspective on stone tool function}},
   journal = {PLoS One},
   volume = {6},
   number = {12},
   pages = {e29029},
   ISSN = {1932-6203 (Electronic)
1932-6203 (Linking)},
   DOI = {10.1371/journal.pone.0029029},
   url = {http://www.ncbi.nlm.nih.gov/pubmed/22216161},
   year = {2011},
   type = {Journal Article}
}

@article{RN5227,
   author = {IoviÅ£Äƒ, Radu and McPherron, Shannon P.},
   title = {{The Handaxe Reloaded: A Morphometric Reassessment of Acheulian and Middle Paleolithic Handaxes}},
   journal = {Journal of Human Evolution},
   volume = {61},
   number = {1},
   pages = {61-74},
   ISSN = {1095-8606 (Electronic)
0047-2484 (Linking)},
   DOI = {10.1016/j.jhevol.2011.02.007},
   url = {http://www.ncbi.nlm.nih.gov/pubmed/21496877},
   year = {2011},
   type = {Journal Article}
}

@article{RN10874,
   author = {Adams, Dean C. and Collyer, Michael L.},
   title = {Comparing the strength of modular signal, and evaluating alternative modular hypotheses, using covariance ratio effect sizes with morphometric data},
   journal = {Evolution},
   volume = {73},
   number = {12},
   pages = {2352-2367},
   ISSN = {1558-5646 (Electronic)
0014-3820 (Linking)},
   DOI = {10.1111/evo.13867},
   url = {https://www.ncbi.nlm.nih.gov/pubmed/31657008},
   year = {2019},
   type = {Journal Article}
}

@article{RN8358,
   author = {IoviÅ£Äƒ, Radu and Tuvi-Arad, Inbal and Moncel, Marie-HeÂ´lÃ¨ne and DesprieÂ´e, Jackie and Voinchet, Pierre and Bahain, Jean-Jacques},
   title = {{High Handaxe Symmetry at the Beginning of the European Acheulian: The Data from La Noira (France) in Context}},
   journal = {PLoS One},
   volume = {12},
   number = {5},
   pages = {e0177063},
   ISSN = {1932-6203 (Electronic)
1932-6203 (Linking)},
   DOI = {10.1371/journal.pone.0177063},
   url = {https://www.ncbi.nlm.nih.gov/pubmed/28520745},
   year = {2017},
   type = {Journal Article}
}

@article{RN8967,
   author = {IvanovaitÄ—, Livija and Serwatka, Kamil and Hoggard, Christian Steven and Sauer, Florian and Riede, Felix},
   title = {{All these Fantastic Cultures? Research History and Regionalization in the Late Palaeolithic Tanged Point Cultures of Eastern Europe}},
   journal = {European Journal of Archaeology},
   volume = {23},
   number = {2},
   pages = {162-185},
   ISSN = {1461-9571
1741-2722},
   DOI = {10.1017/eaa.2019.59},
   year = {2019},
   type = {Journal Article}
}

@article{RN5231,
   author = {Saragusti, Idit and Karasik, Avshalom and Sharon, Ilan and Smilansky, Uzy},
   title = {{Quantitative analysis of shape attributes based on contours and section profiles in artifact analysis}},
   journal = {Journal of Archaeological Science},
   volume = {32},
   number = {6},
   pages = {841-853},
   ISSN = {03054403},
   DOI = {10.1016/j.jas.2005.01.002},
   year = {2005},
   type = {Journal Article}
}

@article{RN7164,
   author = {Serwatka, Kamil},
   title = {{Shape Variation of Middle Palaeolithic Bifacial Tools from Southern Poland: A Geometric Morphometric Approach to Keilmessergruppen Handaxes and Backed Knives}},
   journal = {Lithics},
   volume = {35},
   pages = {18-32},
   url = {http://journal.lithics.org/index.php/lithics/article/viewFile/371/353},
   year = {2015},
   type = {Journal Article}
}

@article{RN8923,
   author = {Bonhomme, Vincent and Forster, Emily and Wallace, Michael and Stillman, Eleanor and Charles, Michael and Jones, Glynis},
   title = {{Identification of inter- and intra-species variation in cereal grains through geometric morphometric analysis, and its resilience under experimental charring}},
   journal = {Journal of Archaeological Science},
   volume = {86},
   pages = {60-67},
   ISSN = {03054403},
   DOI = {10.1016/j.jas.2017.09.010},
   year = {2017},
   type = {Journal Article}
}

@book{RN5644,
   author = {Knappett, Carl},
   title = {An Archaeology of Interaction: Network Perspectives on Material Culture \& Society},
   publisher = {Oxford University Press},
   address = {Oxford},
   ISBN = {0198706936},
   year = {2011},
   type = {Book}
}

@article{RN8039,
   author = {Mills, Barbara J. and Peeples, Matthew A. and Haas Jr., W. Randall and Borck, Lewis and Clark, Jeffery J. and Roberts Jr., John M.},
   title = {{Multiscalar Perspectives on Social Networks in the Late Prehispanic Southwest}},
   journal = {American Antiquity},
   volume = {80},
   number = {1},
   pages = {3-24},
   ISSN = {00027316},
   DOI = {10.7183/0002-7316.79.4.3},
   url = {https://www.cambridge.org/core/journals/american-antiquity/article/multiscalar-perspectives-on-social-networks-in-the-late-prehispanic-southwest/B40CF133F9E61102185B25AD4DF0FE30},
   year = {2015},
   type = {Journal Article}
}
